2291 2926
228 345 340 380 intelli
368 344 494 379 endam
513 358 589 379 esse
608 351 740 388 censet,
763 345 1002 393 (Getieiytheit
1016 342 1273 389 meinai-Lem)
1296 343 1331 377 in
1348 343 1439 377 hune
1457 342 1572 376 locum
1594 340 1713 376 cadere
1728 340 1875 376 credam.
1904 339 1969 374 Eat
1981 340 2075 375 enim

228 391 342 424 formu
359 391 471 423 ahaec
484 402 555 423 non
568 390 710 432 orantis,
736 390 795 424 scd
806 390 1031 436 deprecantis,
1057 403 1118 423 nee
1133 389 1198 423 loci
1211 395 1267 422 aut
1277 388 1448 434 temporis,
1468 387 1534 421 nisi
1552 386 1612 420 ubi
1626 386 1739 432 aliqua
1757 385 1958 431 suspicandi
1972 398 2074 420 causa

229 436 359 476 subest,
383 434 533 476 nealter,
556 435 705 468 maxime
717 435 888 480 potentior
899 435 1025 480 aliquis
1037 441 1069 467 et
1080 434 1282 480 opulentior,
1303 438 1497 466 succenseat
1507 431 1774 475 autiudignetur
1786 430 2011 475 vclprecibus
2025 431 2074 464 fa-

230 479 380 521 ciundis,
405 478 460 512 vel
487 478 634 525 petituro
657 478 760 511 alicui
784 479 922 525 gravius
946 479 1110 525 quiddam
1127 485 1159 512 et
1181 478 1271 524 quod
1289 476 1384 511 alteri
1403 477 1544 509 sortasse
1560 476 1716 509 videatur
1733 474 2008 520 intempestivum
2017 481 2076 509 aut

229 524 482 570 importunum.
531 522 697 567 Exempla
721 522 757 556 in
782 530 941 569 promptu
966 529 1065 565 suut,
1091 529 1123 557 et
1145 523 1315 568 complura
1339 528 1497 567 congesta
1522 520 1672 566 reperies
1699 519 1791 566 apud
1817 520 2005 553 Ruhnken.
2030 520 2075 554 ad

231 569 375 604 Terent.
400 569 540 603 Pliorm.
564 568 612 609 ll,
640 568 673 610 3,
698 567 754 605 31.
801 568 925 615 Neque
947 568 983 602 id
1007 568 1218 608 mirabimur,
1241 567 1331 614 quod
1354 567 1470 601 cadem
1495 566 1552 600 illa
1578 565 1704 599 locutio
1728 564 1892 611 paulatim
1917 565 2006 599 facta
2023 572 2075 599 est

230 615 447 648 urbanorum
473 614 648 646 bominum
674 618 779 658 atque
802 614 948 648 omuino
969 626 1106 654 eorum,
1137 613 1196 659 qui
1221 613 1353 646 blandis
1386 612 1454 646 illis
1483 611 1594 645 verbis
1619 610 1814 657 praemissis
1837 609 1941 644 alium
1967 623 2072 656 quen-

231 659 309 693 dam
335 659 408 692 sive
432 657 634 691 nobiliorem
656 656 729 690 sive
753 658 1021 706 praepollentem
1044 657 1112 691 sibi
1137 657 1320 691 conciliare
1342 657 1479 700 vellent,
1502 669 1570 703 quo
1592 655 1705 690 leuius
1720 655 1908 702 mitiusque
1922 654 1982 689 ille
1996 667 2072 701 pre-

231 716 290 739 ces
314 703 492 738 faciundas
515 701 697 747 exciperet.

322 748 399 782 Jam
423 759 502 779 vero
526 758 633 791 quum
660 745 763 778 totius
787 746 998 791 quaestionis
1022 759 1151 779 summa
1178 746 1318 792 ipsaque
1343 744 1499 779 vocabuli
1521 746 1638 778 umiae
1661 743 1777 786 notio,
1810 743 1854 778 de
1876 756 1944 790 qua
1966 743 2072 777 disce·

233 798 361 838 ptatur,
386 790 508 824 conlici
531 790 766 835 constituique
791 796 950 835 nequeat,
976 790 1042 824 nisi
1068 790 1178 824 causis
1204 791 1363 837 cognitis,
1387 803 1473 836 quae
1494 789 1652 823 Tacitum
1678 788 1931 832 commoverint,
1956 795 1994 822 ut
2017 801 2072 823 ve-

232 838 291 870 nia
317 836 382 869 sibi
407 848 493 881 opus
517 847 590 867 esse
614 841 646 867 ct
668 834 866 879 opinaretur
889 840 921 868 et
944 836 1109 868 fateretur
1134 836 1247 880 palam
1262 859 1272 871 ,
1303 834 1492 868 necessario
1516 834 1764 880 quodammodo
1788 834 1911 867 factum
1934 840 2002 874 cst,
2036 840 2073 867 ut

233 881 269 914 in
295 882 357 914 liac
381 892 520 925 quoque
545 891 666 911 causae
690 885 869 923 susceptae
901 886 995 925 parte
1028 880 1230 912 illustranda
1262 880 1475 913 elaborarent
1506 878 1717 924 interpretes.
1764 877 1832 912 Sed
1864 878 1942 912 aliis
1973 878 2073 912 aliter

234 926 344 958 visum
370 931 441 957 est:
479 923 527 956 sic
550 930 586 956 ut
618 923 674 956 cui
700 923 867 969 placuerit
891 924 1002 957 varias
1036 924 1117 956 istas
1142 924 1293 956 virorum
1317 923 1525 957 eruditorum
1549 923 1730 957 sententias
1753 923 1975 968 perlustrare,
2009 935 2073 956 nae

234 970 292 1003 ille
317 970 417 1002 modo
443 968 476 1000 iu
502 981 624 1012 gyrum
646 968 745 1012 ‹piasi
771 980 787 999 a
816 967 932 1009 itctur,
958 969 1060 1001 modo
1085 975 1247 1013 tanquam
1281 969 1314 1001 in
1347 968 1488 1012 scopulo
1511 968 1645 1000 baereat
1667 967 1789 1000 anxius
1812 973 1845 1000 et
1870 979 2071 1014 suspensus:

233 1014 326 1047 unde
351 1013 385 1045 id
410 1012 520 1058 ipsum
546 1012 681 1052 evenit,
714 1024 782 1058 quo
833 1012 960 1046 factum
985 1012 1159 1054 videmus,
1190 1019 1226 1046 ut
1250 1012 1454 1046 novissimus
1478 1012 1626 1059 quisque
1656 1012 1822 1058 interpres
1850 1012 1962 1046 vei-'ius
1986 1012 2073 1059 quid

233 1066 266 1093 ct
289 1058 401 1105 aptius
427 1057 565 1103 proprio
590 1058 740 1103 quodam
767 1057 846 1090 uisu
869 1058 1059 1103 producere
1091 1058 1319 1092 contenderet.
1368 1057 1455 1090 Mihi
1489 1064 1601 1091 autem
1634 1070 1833 1103 persuasum
1861 1063 1931 1099 est,
1964 1060 2072 1091 varias

233 1104 313 1136 istas
339 1104 561 1147 interpretum
586 1102 772 1134 sententias
796 1109 898 1146 atque
922 1103 1012 1146 ipsas
1038 1102 1140 1134 etiam
1167 1114 1286 1134 causas
1311 1102 1581 1146 probabiliores,
1613 1102 1737 1154 quibus
1772 1108 1808 1134 ut
1830 1101 1960 1134 veniam
1985 1108 2072 1147 pete-

233 1154 284 1180 ret
309 1146 451 1180 Tacitus
475 1145 636 1191 compelli
662 1145 828 1190 potuerit,
865 1146 899 1178 in
931 1152 1079 1178 ‹inatuor
1102 1146 1315 1191 potissimum
1339 1159 1461 1192 genera
1478 1145 1636 1179 distribui
1660 1152 1718 1179 aut
1748 1145 1857 1192 redigi
1889 1158 2003 1192 posse:
2034 1159 2074 1179 ex

233 1191 360 1237 quibus
385 1191 478 1236 quod
504 1196 536 1224 et
561 1190 663 1236 quale
689 1203 795 1223 nuum
822 1190 908 1223 illud
951 1190 1059 1231 uerit,
1095 1204 1163 1235 quo
1188 1204 1264 1223 vere
1288 1197 1493 1223 commotum
1518 1204 1554 1223 se
1581 1191 1745 1231 senserit,
1774 1204 1816 1223 an
1847 1203 1887 1223 ex
1919 1190 2074 1235 pluribus

232 1237 369 1269 duobus
395 1237 537 1269 fortasse
561 1241 617 1267 aut
645 1235 753 1267 tribus
779 1234 922 1268 mixtum
948 1235 1036 1267 illud
1065 1234 1189 1277 fucrit,
1221 1234 1364 1268 difficile.
1396 1247 1477 1268 sane
1509 1241 1560 1268 est
1590 1234 1781 1279 dijudicare
1812 1247 1850 1268 ae
1884 1234 2075 1270 decernere.

234 1281 331 1315 Licet
353 1287 466 1313 autem
491 1292 608 1312 causas
634 1279 723 1317 illas,
749 1279 791 1313 dc
815 1279 946 1325 quibus
972 1280 1072 1312 modo
1097 1279 1190 1320 dixi,
1222 1292 1384 1313 tuacrerc
1419 1280 1472 1313 vel
1498 1280 1533 1312 iu
1559 1279 1683 1313 Tacito
1709 1281 1783 1324 ipso
1806 1280 1950 1324 ejusque
1973 1286 2073 1312 sensu

234 1333 266 1359 et
298 1325 435 1365 animo,
466 1324 519 1356 vel
552 1325 586 1356 in
618 1324 747 1363 seculi,
778 1336 848 1368 quo
873 1324 933 1356 ille
964 1324 1068 1364 vixit,
1102 1292 1299 1356 bominibus
1332 1335 1518 1376 corumque
1542 1323 1681 1369 iugenio
1705 1323 1844 1370 paulum
1870 1323 1905 1357 in
1927 1323 2074 1358 deterius

235 1381 419 1412 converso;
441 1368 496 1402 vel
524 1367 558 1402 in
577 1368 763 1415 Agricolae
787 1375 859 1401 tum
884 1368 987 1402 rebus
1012 1368 1131 1414 gestiS,
1158 1375 1228 1402 tum
1255 1369 1342 1402 suma
1365 1375 1397 1402 et
1420 1368 1689 1411 existimatione,
1711 1369 1765 1402 vel
1791 1369 1938 1421 denique
1961 1368 1995 1402 iu
2005 1369 2073 1402 Do-

236 1415 379 1448 mitiano
404 1414 548 1459 ejusque
571 1427 669 1446 saeva
694 1426 733 1446 ac
756 1414 831 1446 dira
855 1414 1102 1447 dominatione.
1151 1413 1250 1455 Quae
1274 1413 1477 1458 multiplicis
1502 1414 1598 1458 quasi
1624 1413 1783 1447 materiae
1813 1413 1849 1447 in
1866 1413 2020 1457 singulas
2043 1421 2074 1447 et

236 1459 398 1492 discretas
421 1465 533 1502 partes
557 1458 752 1490 distributio
776 1458 805 1489 si
829 1458 959 1490 ratione
985 1458 1117 1495 nititur,
1142 1463 1178 1489 ut
1203 1469 1301 1502 spero
1321 1470 1359 1489 ac
1385 1469 1490 1503 prope
1514 1458 1662 1500 conlido,
1688 1458 1784 1491 firma
1807 1463 1839 1491 et
1862 1458 1994 1500 valida,
2019 1458 2073 1491 lia-

235 1503 296 1537 bui
327 1509 438 1544 certe,
469 1515 531 1536 eur
555 1502 769 1544 dubitarem,
795 1515 875 1535 num
901 1515 1017 1535 verum
1045 1502 1167 1535 viderit
1191 1501 1248 1537 Cl.
1273 1502 1424 1536 Wexius
1447 1502 1582 1548 sibique
1605 1509 1737 1537 constet
1761 1503 1796 1536 in
1821 1504 1884 1536 bac
1908 1515 2073 1536 commen-

236 1548 375 1582 tationis
400 1553 507 1593 parte,
536 1553 652 1592 utpote
677 1546 733 1579 cui
757 1547 925 1592 placuerit
948 1547 1015 1579 duo
1041 1546 1128 1579 iuter
1157 1559 1193 1579 se
1217 1560 1341 1592 genera
1367 1547 1584 1580 commiscere
1615 1554 1648 1581 et
1680 1554 1807 1580 tantum
1834 1548 1904 1580 fere
1928 1547 2075 1581 tribuere

236 1592 378 1635 Tacito,
411 1598 577 1638 qnantum
604 1591 734 1632 seculi,
765 1604 835 1637 quo
860 1591 920 1625 ille
945 1591 1041 1633 vixit,
1064 1590 1216 1624 moribus
1241 1591 1432 1637 depravatis
1464 1604 1502 1625 ac
1529 1592 1764 1637 pessumdatis.
1815 1592 1945 1626 Verum
1968 1605 2073 1637 quai»-

235 1638 359 1670 tumvis
389 1637 500 1669 cuivis
532 1637 612 1669 libri
638 1636 785 1680 alicujus
809 1636 963 1678 auctori,
1000 1636 1156 1680 inprimis
1182 1649 1294 1669 rerum
1319 1636 1489 1681 scriptori,
1514 1636 1599 1669 ratio
1623 1637 1738 1682 aliqua
1762 1636 1915 1670 habenda
1938 1636 1983 1670 sit
2006 1650 2074 1670 mo-

234 1695 308 1714 rum
333 1688 435 1725 atquc
460 1681 589 1727 ingenii
614 1681 735 1723 seculi,
761 1687 793 1713 et
817 1680 965 1726 optimus
989 1681 1134 1726 quisque
1159 1680 1333 1713 coiumuni
1360 1681 1535 1714 bominum
1553 1680 1688 1725 judicio
1711 1681 1882 1714 obnoxius
1901 1680 1957 1724 sit,
1982 1682 2076 1727 quod

233 1725 399 1771 suspiciat
423 1738 462 1758 ac
487 1732 644 1758 vereatur
669 1738 807 1758 neccsse
830 1730 894 1767 est,
917 1731 1026 1758 tamen
1054 1725 1200 1770 gravitas
1225 1726 1283 1758 illa
1308 1725 1412 1758 animi
1430 1731 1462 1759 et
1485 1726 1687 1768 constantia,
1704 1738 1789 1772 quas
1814 1731 1973 1772 tanquam
1998 1738 2074 1781 pro-

233 1771 324 1817 prias
348 1776 380 1803 et
406 1770 559 1816 insigues
585 1770 726 1804 virtutes
750 1769 869 1803 Tacito
898 1770 1053 1804 adserere
1077 1783 1176 1804 nemo
1201 1770 1312 1804 bonus
1336 1783 1487 1816 nuquam
1508 1770 1689 1813 dubitavit,
1715 1771 1863 1813 obstant,
1890 1784 2075 1817 quominus

233 1830 309 1849 euni
334 1816 432 1848 aiixia
456 1817 601 1860 quadam
629 1828 709 1848 cura
736 1815 899 1860 agitatum
923 1815 1029 1847 fuisse
1054 1815 1210 1856 credam,
1245 1828 1326 1847 num
1352 1815 1416 1860 ipsi
1441 1821 1640 1849 eventurum
1666 1816 1709 1848 sit
1733 1816 1766 1848 id
1817 1815 1883 1849 uod
1907 1817 2075 1862 sperabat,

233 1866 268 1893 ut
297 1872 398 1905 opera
429 1873 489 1893 sna
520 1860 553 1893 in
589 1859 654 1893 vita
687 1859 876 1905 Agricolae
905 1859 1073 1892 narranda
1107 1859 1214 1904 posita
1246 1859 1355 1893 seculi
1384 1859 1436 1892 sui
1467 1860 1665 1898 bominibus
1698 1828 1916 1907 apprdbetur.
1961 1862 2075 1902 Adde,

232 1906 322 1951 quod
347 1905 425 1938 talis
450 1905 555 1938 animi
579 1904 774 1939 sollicitudo
799 1904 909 1937 alicua
936 1917 1077 1950 prorsus
1103 1904 1223 1938 fuisset
1247 1905 1289 1938 ab
1315 1904 1371 1938 illa
1396 1905 1520 1938 fiducia
1542 1919 1690 1948 morum,
1716 1919 1818 1959 «luam
1843 1906 1917 1951 ipse
1939 1919 1971 1940 c.
1992 1907 2021 1941 1.
2038 1908 2074 1940 in

233 1950 407 1995 prioribus
430 1963 492 1983 suo
517 1962 656 1995 quoque
681 1950 821 1982 nomine
846 1949 1030 1984 collaudat.
1080 1949 1200 1995 ltaque
1225 1949 1343 1982 dolore
1366 1950 1479 1995 potius
1503 1950 1652 1983 animum
1677 1950 1743 1984 viri
1762 1950 1890 1995 patriae
1915 1951 2074 1984 amantis-

234 1994 310 2027 simi
335 1994 506 2038 pcrl'usum
531 1995 638 2027 fuisse
663 1995 852 2035 credamus,
872 1994 969 2038 justo
994 1993 1133 2039 quidem
1159 2000 1192 2027 et
1215 1994 1351 2036 acerbo,
1376 1994 1435 2028 scd
1459 2007 1569 2041 aequo
1592 2001 1625 2029 et
1648 1994 1836 2035 moderato,
1861 2007 1904 2028 nc
1931 2008 1973 2029 ue
1995 2008 2075 2030 vero

233 2038 275 2071 ad
298 2044 424 2071 tantam
459 2038 528 2072 sive
551 2039 800 2085 aegritudinem
832 2038 904 2071 sive
936 2038 1205 2084 indignationem
1235 2038 1408 2072 bominem
1441 2039 1561 2074 fortem
1593 2045 1627 2074 et
1656 2045 1867 2073 constantem
1898 2052 1916 2072 a
1943 2048 2075 2087 rep‘tum

236 2082 342 2115 l'uisse
365 2082 571 2127 cogitemus,
611 2090 646 2116 ut
677 2083 810 2117 civibus
835 2083 957 2128 culpae
992 2084 1088 2116 daret
1111 2084 1306 2129 probroque
1330 2084 1491 2126 baberet,
1523 2084 1618 2130 quod
1641 2095 1660 2116 a
1692 2083 1842 2116 dominis
1865 2090 1899 2118 et
1921 2085 2075 2132 tyrannis

233 2139 332 2161 saeve
356 2138 395 2160 ac
419 2127 600 2160 crudeliter
623 2133 680 2161 aut
703 2127 923 2162 commissum
948 2134 1035 2161 esset
1059 2134 1117 2161 aut
1141 2127 1354 2174 imperatum.
1425 2129 1492 2162 Hic
1517 2129 1636 2170 dolor,
1669 2134 1706 2162 ut
1738 2141 1861 2174 magno
1884 2136 1917 2163 et
1939 2130 2074 2164 excelso

233 2170 347 2205 auimo
371 2171 471 2216 plane
494 2171 641 2216 dignus,
667 2173 711 2205 ita
736 2172 847 2206 Taciti
872 2172 1014 2218 ingenio
1047 2185 1188 2218 prorsus
1211 2179 1460 2206 consentaneus
1482 2180 1550 2206 est:
1582 2173 1657 2216 ejus
1682 2173 1859 2206 manifesta
1884 2174 2013 2217 multa,
2046 2175 2074 2208 si

233 2216 312 2263 quis
338 2215 481 2256 dubitet,
507 2216 632 2261 passim
655 2216 689 2248 in
715 2216 811 2250 libris
834 2216 906 2250 suis
930 2216 1039 2251 edidit
1063 2217 1290 2252 documenta:
1315 2218 1469 2251 omnium
1494 2217 1805 2252 luculentissimum
1830 2224 1864 2253 et
1887 2220 1981 2264 quod
2007 2233 2074 2253 ma-

233 2261 359 2294 ximam
382 2260 425 2293 ad
456 2260 727 2305 persuadendum
760 2262 828 2294 vim
859 2262 982 2303 babet,
1016 2262 1130 2308 ipsum
1162 2263 1251 2296 vitae
1275 2262 1462 2308 Agricolae
1493 2262 1681 2295 exordium.
1728 2263 1808 2296 Hoc
1839 2264 1931 2297 enim
1954 2270 2075 2306 totum,

231 2305 262 2340 si
286 2304 371 2351 quid
395 2310 485 2337 recte
509 2303 618 2343 video,
644 2304 723 2338 inde
747 2317 764 2338 a
788 2317 862 2351 cap.
889 2306 917 2341 Ι.
951 2306 994 2340 ad
1018 2319 1044 2341 c.
1077 2306 1138 2343 lV.
1162 2314 1233 2342 tum
1262 2320 1303 2342 eo
1334 2305 1444 2341 animi
1476 2319 1577 2342 sensu
1609 2313 1711 2355 atque
1740 2308 1898 2349 adfectu,
1929 2315 2001 2345 tum
2035 2323 2075 2346 eo

231 2349 380 2386 consilio
403 2349 628 2395 compositum
654 2356 717 2391 est,
742 2356 780 2383 ut
802 2352 951 2385 omnium
976 2352 1187 2386 miseriarum
1212 2360 1280 2386 tam
1305 2352 1522 2397 publicarum
1546 2366 1648 2398 quam
1680 2354 1941 2388 domesticarum
1972 2356 2075 2400 culpa

255 2395 361 2429 ariter
383 2407 422 2427 ac
447 2406 548 2426 causa
573 2394 608 2425 in
634 2394 821 2427 Domitiani
845 2395 980 2427 saevitia
1006 2403 1038 2429 et
1065 2397 1297 2430 dominatione
1347 2396 1471 2430 uaesita
1496 2402 1528 2430 ct
1552 2398 1594 2431 ad
1620 2397 1717 2432 illum
1730 2399 1889 2434 translata
1906 2399 2073 2434 videatur.

266 2453 307 2484 o,
347 2437 423 2473 nisi·
444 2437 559 2473 omnia
584 2437 726 2482 fallunt,
757 2437 861 2473 totius
886 2440 1103 2485 praefationis
1128 2455 1262 2477 summa
1294 2408 1402 2483 rdilit3
1435 2442 1470 2476 in
1495 2456 1535 2477 co
1559 2456 1786 2490 quaecunque
1809 2445 1852 2479 de
1876 2445 2074 2480 Domitiano

233 2487 286 2520 vel
312 2484 414 2519 tacite
439 2483 689 2529 significantur.
716 2484 768 2517 vel
794 2483 904 2530 palam
930 2491 962 2517 et
985 2492 1098 2530 aperte
1123 2487 1247 2522 tradita
1270 2492 1303 2521 et
1322 2487 1475 2532 judicata
1499 2488 1673 2535 leguntur,
1699 2489 1794 2524 velut
1817 2490 1978 2536 capp-41.
1995 2503 2071 2538 sqq.
