2291 2926
194 343 274 379 dere
297 350 440 379 conatus
462 349 524 387 est,
547 342 634 390 quid
658 348 692 377 et
709 347 874 390 quantum
897 347 969 376 tum
993 340 1031 374 in
1054 338 1279 381 emendanda,
1303 342 1377 372 tum
1400 336 1438 370 in
1461 335 1667 383 explicanda
1690 338 1841 375 oratione
1862 341 2033 387 Tacitina,

193 399 305 446 qualis
330 400 390 434 illa
413 400 450 434 in
473 399 572 434 libris
595 404 691 432 antea
714 398 804 445 typis
828 397 974 432 exaratis
997 401 1055 430 aut
1078 393 1321 441 manuscriptis
1346 391 1602 435 circumfertur,
1627 392 1800 439 reliquum
1820 395 1946 430 factum
1960 396 2033 431 fne-

192 455 239 488 rit
261 467 280 488 a
303 455 477 501 prioribus
500 454 689 487 editoribus
710 459 744 486 et
764 452 1019 498 interpretibus.
1056 449 1166 483 Nemo
1189 455 1280 483 certe
1304 448 1380 491 erit,
1400 447 1463 493 qni
1487 457 1558 480 non
1576 447 1707 491 judicii
1730 456 1891 494 agnoscat
1912 462 2033 496 appro-

191 509 319 556 betque
343 515 376 544 et
399 508 623 543 subtilitatem
647 513 679 542 ct
702 507 988 548 moderationem,
1011 515 1079 552 qna
1103 503 1369 538 Doederleinius
1392 502 1430 536 i·
1454 501 1671 549 praefatione
1693 502 1781 536 fines
1803 503 2035 551 terminosque

192 564 390 610 descripsit,
424 563 549 609 quibus
572 575 667 596 suam
690 562 879 596 Annalium
905 558 1217 605 interpretationem
1249 557 1418 592 contineri
1442 557 1560 594 vellet.
1631 557 1870 601 Botticherum
1895 559 2034 593 honoris

192 631 293 653 causa
318 618 466 665 appello,
489 618 544 651 cni
569 618 695 651 librum
705 620 737 660 ²)
763 622 937 662 acceptum
959 613 1232 648 referuntTaciti
1255 613 1396 646 lectores
1420 618 1455 646 et
1478 618 1661 655 amatores,
1687 624 1759 658 quo
1784 612 2033 659 postHoffmei-

191 680 333 716 sterum,
359 672 421 719 qui
446 673 481 706 in
503 673 610 706 simili
632 677 834 718 argumento
858 675 1011 704 versatus
1034 674 1095 712 est,
1118 667 1234 701 multis
1257 667 1566 714 applaudentibus,
1591 667 1822 701 dissentiente
1844 667 1972 714 passim
1996 681 2035 702 ac

193 729 398 775 reprobante
421 727 642 768 Bo'ttichero,
677 726 741 760 cfr.
766 725 879 759 Praef.
904 737 936 771 p.
959 723 1063 757 xlll.
1095 735 1166 757 nou
1197 722 1286 756 alius
1311 722 1405 756 ullus
1438 722 1650 769 compositus
1682 728 1734 757 est
1766 723 1900 768 maJore
1931 722 2036 757 animi

192 784 306 818 studio
330 790 364 817 ct
386 784 531 822 fervore,
555 781 736 814 intentiore
759 793 853 822 cura,
880 779 1070 825 copiosiore
1089 778 1257 820 doctrina,
1282 777 1464 811 subtiliore
1477 784 1510 811 et
1526 778 1750 823 diligentiore
1768 777 1904 823 ingenii
1921 784 1955 812 et
1967 790 2036 812 mo-

191 851 268 872 rum
294 837 417 872 veteris
441 834 617 882 scriptoris
640 834 919 881 perscrutatione.
966 833 1076 867 Totus
1100 832 1189 867 enim
1213 833 1302 867 liber
1325 832 1448 879 plenus
1472 837 1523 866 est
1545 832 1731 878 religionis
1754 839 1789 867 et
1812 832 1963 879 pietatis,
1987 832 2037 866 di-

191 894 271 928 vino
295 892 395 940 quasi
419 891 546 924 adllatu
570 890 803 936 conscriptus:
840 889 899 923 sed
924 901 1011 935 qnos
1043 888 1180 922 altiores
1210 895 1328 922 auctor
1350 888 1491 934 spiritus
1517 888 1637 930 duxit,
1672 888 1715 922 iis
1739 888 1859 922 nescio
1883 901 1928 922 an
1951 901 2038 922 nou·

191 949 282 983 nulli
305 957 437 981 mecum
460 945 669 978 existument
692 951 864 978 auctorem
888 957 928 978 eo
952 956 1061 990 usque
1081 943 1256 976 incensum
1281 955 1354 976 esse
1374 948 1407 976 et
1431 942 1685 985 inflammatum,
1709 949 1812 989 atquc
1836 943 1923 976 adeo
1941 943 2037 990 ing-e-

192 1004 242 1037 nii
266 1002 413 1048 quodam
441 1006 534 1033 aestu
557 1000 757 1045 abreptum,
790 1005 827 1032 nt
849 999 995 1032 recentia
1020 1011 1098 1032 cum
1122 998 1313 1040 veteribus,
1347 997 1457 1042 prisca
1481 1009 1558 1030 cnm
1581 997 1680 1030 novis
1703 997 1964 1032 commiscuisse
1986 998 2036 1032 vi-

192 1059 325 1092 deatur.
358 1055 398 1089 ld
422 1060 511 1088 certe
534 1054 620 1087 mihi
644 1066 844 1100 persuasum
867 1059 929 1096 est,
950 1053 986 1086 in
1008 1053 1102 1087 omni
1126 1059 1277 1086 veterum
1302 1052 1507 1098 scriptorum
1532 1058 1599 1085 tam
1625 1052 1910 1098 interpretatione
1933 1065 2039 1100 (pam

193 1110 437 1147 aestumationc
460 1109 580 1143 sedulo
605 1109 794 1143 cavendnm
817 1121 901 1151 esse,
924 1121 967 1142 ne
990 1114 1119 1142 tantum
1143 1107 1185 1141 iis
1208 1120 1323 1141 revera
1349 1107 1536 1141 detractum
1550 1106 1666 1150 fuerit,
1690 1107 1861 1154 qnantum
1883 1108 1967 1155 quis
1988 1109 2038 1143 al·

193 1167 281 1202 tiore
304 1165 451 1212 quadam
475 1163 580 1197 animi
604 1164 750 1197 elatione
775 1163 817 1196 iis
842 1162 992 1196 tribuere
1014 1162 1136 1196 enixus
1159 1168 1222 1197 est.
1269 1161 1375 1196 Nulla
1401 1162 1492 1195 enim
1516 1174 1552 1195 re
1576 1174 1673 1196 suam
1697 1162 1822 1208 optimi
1848 1163 2039 1210 scriptores

192 1222 328 1257 laudem
354 1226 387 1254 ct
409 1219 641 1254 auctoritatem
667 1231 771 1265 quum
795 1218 875 1252 olim
900 1217 990 1251 nacti
1013 1223 1112 1260 sunt,
1140 1223 1210 1250 tum
1235 1217 1420 1250 etiamnum
1455 1222 1523 1250 tam
1548 1217 1645 1251 lirme
1670 1223 1703 1251 et
1725 1217 1861 1252 fortiter
1882 1224 2039 1263 tuentur,

192 1291 294 1324 qnam
318 1276 487 1322 singulari
513 1275 572 1309 illa
595 1281 627 1308 et
644 1274 781 1320 propria
806 1275 842 1307 in
871 1273 1054 1318 judicando
1078 1273 1247 1319 aequitate
1271 1279 1305 1306 et
1328 1272 1573 1316 moderatione,
1598 1284 1660 1306 sna
1683 1272 1720 1306 in
1745 1273 1849 1307 rebus
1871 1286 2038 1309 enarran-

193 1334 247 1367 dis
270 1332 477 1378 ingenuitate
500 1336 533 1363 et
555 1329 784 1375 simplicitate,
806 1340 935 1374 suaque
958 1329 1054 1361 firma
1078 1328 1224 1374 quadam
1250 1334 1283 1361 et
1306 1327 1422 1361 stabili
1445 1327 1591 1370 ratione,
1615 1340 1685 1373 qua
1706 1340 1833 1361 munus
1856 1341 1958 1363 snum
1982 1329 2039 1364 vel

192 1393 364 1434 sumptum
388 1386 442 1420 vel
467 1379 659 1430 injunctum
684 1396 845 1429 peragere
869 1383 1061 1423 studerent,
1092 1382 1142 1415 sie
1173 1388 1211 1415 ut
1241 1382 1527 1428 quemadmodum
1561 1382 1604 1415 ab
1626 1382 1678 1415 ira
1711 1388 1745 1416 et
1775 1382 1911 1426 studio,
1946 1383 1993 1418 ita
2017 1397 2038 1419 a

192 1442 407 1477 mollioribus
432 1440 502 1474 illis
527 1439 634 1473 animi
658 1439 848 1473 adfectibus
872 1451 911 1472 ac
932 1438 1108 1480 sensibus,
1138 1437 1358 1484 quantumvis
1388 1436 1562 1480 honestis,
1590 1437 1733 1483 provide
1762 1450 1802 1472 ac
1837 1444 1937 1473 caute
1962 1452 2038 1475 sese

192 1498 410 1539 abstinerent,
434 1496 565 1542 quippe
592 1495 655 1541 qui
678 1501 841 1540 tanquam
867 1494 902 1527 in
924 1495 998 1527 l'oro
1022 1493 1238 1538 negotiisque
1262 1492 1412 1538 publicis
1434 1498 1620 1535 versantes,
1644 1505 1781 1538 semper
1803 1493 1847 1527 ad
1871 1500 2038 1529 event-na

193 1553 391 1588 festinarent
413 1558 446 1585 et
470 1551 505 1584 in
527 1550 656 1584 medias
678 1562 733 1583 res
757 1549 899 1583 lectores
920 1553 1090 1594 raperent.
1116 1548 1238 1594 Itaque
1262 1547 1311 1580 nti
1335 1546 1378 1581 ab
1400 1546 1614 1583 humanitate
1637 1560 1815 1594 nunquam
1842 1561 1900 1583 eos
1924 1560 2037 1584 reeen-

193 1610 279 1644 sisse
302 1620 470 1654 suumque
492 1606 628 1640 virtutis
650 1611 683 1640 et
704 1604 888 1639 honestatis
910 1603 1061 1651 studium
1085 1617 1154 1638 non
1189 1602 1291 1637 facile
1314 1602 1421 1637 alium
1445 1616 1653 1650 quemquam
1682 1603 1834 1651 apertius
1858 1604 2037 1640 confiden-

194 1666 333 1710 tiusque
356 1663 543 1696 declarasse
567 1662 681 1703 credo,
706 1673 807 1706 qnam
830 1660 998 1699 Tacitum,
1021 1659 1067 1691 ita
1090 1659 1148 1691 vix
1172 1659 1353 1704 qnisquam
1378 1659 1598 1704 quantumvis
1621 1671 1675 1692 me
1699 1659 1808 1692 multo
1827 1659 1965 1693 doctior
1984 1660 2037 1694 in-

194 1720 366 1768 genioque
392 1717 521 1753 acutior
543 1716 623 1751 mihi
646 1714 881 1763 persuadebit,
906 1714 1051 1757 Tacito,
1075 1720 1240 1761 tauquam
1265 1713 1308 1748 de
1330 1713 1426 1748 coelo
1449 1719 1539 1748 tacto
1562 1719 1622 1748 aut
1645 1713 1761 1748 divina
1784 1714 1936 1762 quadam
1958 1714 2039 1751 luce

189 1777 406 1816 collustrato,
431 1786 509 1807 cum
535 1772 683 1819 propriis
707 1777 739 1804 et
764 1770 997 1816 singularibus
1021 1770 1240 1803 Christianae
1264 1769 1441 1802 doctrinae
1464 1769 1536 1802 sive
1561 1770 1748 1815 praeceptis
1771 1770 1845 1804 sive
1867 1771 2040 1817 dogmatis

193 1838 228 1866 et
250 1829 420 1877 mysteriis
444 1827 680 1873 cognationem
704 1838 743 1859 ac
765 1824 1053 1871 propinquitatem
1076 1823 1229 1870 aliquam
1253 1823 1495 1859 intercessisse
1542 1824 1660 1858 Unum
1685 1830 1754 1864 est,
1785 1825 1882 1871 qnod
1904 1838 2041 1872 semper

193 1894 355 1933 tanquam
378 1882 550 1930 peculiare
574 1879 768 1927 quiddam'
760 1892 795 1912 ιιι
814 1891 858 1912 eo
881 1878 1064 1912 admiratus
1088 1891 1175 1920 sum,
1198 1884 1231 1911 et
1248 1877 1350 1923 quale
1364 1878 1423 1911 vix
1446 1877 1481 1910 in
1499 1877 1569 1910 alio
1588 1877 1660 1911 ullo
1674 1878 1854 1912 vetustatis
1871 1879 2042 1926 scriptore

194 1941 360 1976 detexisse
387 1938 472 1973 mihi
494 1937 612 1971 videor
635 1935 772 1982 signnm
797 1946 835 1968 ac
860 1934 1100 1968 documentum
1127 1932 1302 1967 interioris
1324 1932 1505 1978 cujusdam
1523 1932 1798 1967 necessitudinis
1829 1940 1864 1968 et
1886 1947 2040 1970 commn-

193 1996 331 2037 uionis,
366 2007 434 2041 qna
466 1999 580 2026 nostra
611 1997 701 2025 aetas
731 1989 826 2023 velut
856 1989 1044 2022 arctissimo
1076 1988 1217 2023 vinculo
1241 2000 1318 2021 cum
1340 1987 1544 2034 antiquitate
1565 1988 1805 2022 consociatur.
1839 1989 1937 2024 illam
1961 1991 2041 2025 dieo

193 2051 300 2085 animi
324 2048 559 2085 fortitudinem
581 2052 615 2081 et
637 2044 858 2082 constantiam
872 2067 882 2087 ‚
916 2056 985 2091 qua
1008 2043 1153 2078 Tacitus
1176 2048 1311 2090 praeter
1334 2049 1465 2076 ceteros
1488 2049 1620 2077 rectum
1655 2043 1815 2078 defendit
1846 2050 1952 2092 atque
1982 2046 2040 2081 ho-

192 2113 336 2149 nestum,
359 2116 596 2151 summamque
614 2093 711 2136 'illam
732 2100 868 2135 virtutis
891 2099 1048 2147 speciem,
1071 2112 1173 2146 quam
1184 2105 1219 2134 et
1232 2097 1347 2133 animo
1365 2111 1404 2132 ac
1414 2104 1526 2133 mente
1537 2099 1739 2146 complexus
1757 2106 1820 2143 est,
1843 2107 1958 2136 ettam
1971 2109 2042 2137 stu·

193 2163 289 2197 ‹liose
313 2173 351 2195 ae
375 2160 536 2207 religiose
560 2158 643 2193 colit
673 2164 772 2203 atque
802 2156 975 2197 observat,
1008 2162 1047 2189 ut
1079 2162 1184 2189 totam
1213 2166 1328 2188 rerum
1361 2160 1534 2200 gestarum
1568 2160 1641 2188 tum
1676 2154 1802 2189 seriem
1835 2169 1875 2190 ac
1906 2157 2042 2202 molem,

192 2224 264 2251 tum
287 2216 421 2266 singula
447 2215 618 2262 cujusque
641 2213 792 2248 facinora
821 2210 927 2256 injus
949 2211 1050 2257 quasi
1073 2216 1190 2254 vocet,
1221 2209 1409 2243 secundum
1432 2209 1571 2243 virtutis
1594 2216 1629 2244 et
1650 2211 1841 2245 honestatis
1864 2220 2042 2260 praecepta

193 2271 372 2316 dijudicet,
395 2271 548 2304 absolvat
571 2270 690 2333 alium,
713 2267 818 2302 alium
837 2265 971 2312 judicio
994 2266 1151 2309 damnet,
1182 2263 1317 2298 ratione
1339 2263 1453 2311 legis,
1487 2277 1577 2312 quae
1600 2278 1680 2300 enm
1702 2266 1755 2301 sie
1777 2267 1834 2302 vel
1856 2268 1955 2302 aliter
1976 2275 2040 2302 sta-

228 2392 256 2425 2)
277 2391 365 2426 Cujus
379 2390 444 2416 libri
457 2392 601 2427 inscriptio
616 2393 685 2417 mira
699 2402 763 2419 sane
780 2397 806 2419 ct
823 2393 966 2428 magnilica
982 2392 1050 2418 haec
1066 2394 1119 2417 est:
1158 2389 1353 2427 Pmphetisehe
1376 2391 1510 2417 stimme»
1533 2401 1584 2417 aas
1605 2393 1695 2424 Rom,
1718 2392 1786 2420 oder
1811 2394 1861 2420 aas
1879 2394 2037 2421 canath-2102

281 2439 318 2465 im
339 2438 450 2465 Tacitus
466 2438 527 2465 mul
540 2437 590 2464 der
601 2439 712 2476 typis-:Iu
721 2440 917 2478 pmpheu'eelte
927 2439 1073 2467 Charakter
1080 2438 1173 2465 πίοιεν
1182 2437 1286 2464 Werke
1298 2437 1328 2464 t'n
1340 2437 1504 2476 Bczielumq
1515 2438 1673 2476 aeuffim’:
1683 2441 1853 2468 Vefflilut'n
1867 2450 1901 2468 zu
1909 2440 2036 2468 Dennab-

283 2484 363 2511 laud.
405 2484 465 2510 Van
485 2484 539 2510 Dr.
564 2484 619 2513 W.
634 2485 791 2514 Battielaer.
829 2487 978 2524 Hanburq
992 2486 1051 2519 und
1068 2485 1168 2512 (ἴσαμι.
1206 2485 1223 2512 2
1241 2484 1325 2513 Thle.
1346 2485 1427 2514 1840.
1465 2484 1529 2514 cfr.
1543 2485 1652 2516 Anu-l.
1667 2488 1784 2515 Balena-
1796 2488 1879 2518 Νι..
1892 2488 1936 2516 94.
1958 2487 2038 2516 1841.
