2291 2926
244 325 299 361 44.
321 332 406 360 extr.
427 326 483 363 45.
504 326 590 361 mire
613 326 845 362 consentiunt.
878 327 933 361 Ac
954 327 985 361 si
1008 340 1128 361 verum
1152 333 1214 370 est,
1237 327 1330 374 quod
1354 326 1466 372 ajunt,
1491 332 1611 373 pectus
1635 338 1722 367 esse,
1747 324 1841 372 quod
1863 324 2008 359 disertos
2034 324 2084 357 sa·

244 371 305 412 cit,
330 383 399 404 non
421 371 632 412 mirabimur,
657 372 751 417 quod
774 371 935 414 Tacitus,
967 385 1073 418 quum
1105 378 1197 406 totus
1230 378 1317 406 esset
1339 372 1376 405 iu
1400 372 1456 424 pia
1481 378 1514 405 et
1537 372 1692 405 luctuosa
1717 370 1827 404 soceri
1852 369 2007 403 defuncti
2029 381 2084 403 re·

245 415 454 458 cordatione,
478 415 616 461 capitali
638 415 784 460 quodam
807 416 943 463 tyranni
967 417 1048 450 odio
1071 417 1315 458 exardesceret,
1339 416 1454 449 minus
1479 422 1555 462 post
1581 427 1621 449 ac
1635 415 1788 449 sedatius
1804 414 1957 456 sentiret,
1972 425 2084 467 quum

244 459 475 494 Historiarum
498 461 605 494 libros
628 460 782 494 editurus
805 467 911 495 esset:
945 462 1025 501 (cfr.
1050 461 1141 495 Hist.
1166 461 1205 505 I,
1232 465 1260 496 1.
1284 462 1331 505 f.)
1355 473 1431 494 nam
1456 467 1490 494 ct
1513 466 1674 507 expertus
1700 465 1772 493 erat
1795 459 1887 493 haud
1909 459 2016 492 dubie
2038 458 2081 492 il-

243 504 319 548 lud,
344 506 435 551 quod
453 505 632 551 Sulpicius
656 506 827 552 quondam
849 506 892 540 ad
916 506 1116 540 Ciceronem
1139 506 1277 553 scripsit
1300 506 1394 545 (Cic.
1422 505 1532 552 Epist.
1556 505 1600 539 ad
1625 505 1720 538 Fam.
1746 504 1814 547 lV,
1839 504 1874 547 5,
1903 505 1976 547 14.)
2000 503 2079 537 nul·

243 550 315 584 lum
338 551 489 584 dolorem
514 563 600 592 esse,
622 563 721 596 quem
746 564 814 584 non
841 551 958 597 longia
988 552 1073 586 uitas
1098 551 1258 597 temporis
1282 551 1414 584 minuat
1436 563 1475 583 ac
1497 551 1649 593 molliat,
1683 556 1717 584 et
1743 562 1834 596 quac
1856 561 1971 582 rerum
1993 549 2079 583 seri-

243 595 332 641 ptori
344 596 399 629 lex
413 595 621 629 observanda
633 602 730 638 esset,
752 607 841 640 quac
863 596 937 640 ejus
960 564 1111 642 dignitas
1135 602 1168 630 et
1191 595 1338 642 gravitas
1353 619 1364 638 ,
1396 602 1561 641 quantum
1577 595 1807 629 Historiarum
1830 606 1918 639 opus
1942 594 2080 628 differat

242 653 263 675 a
285 640 419 686 pietatis
443 646 675 683 monumento,
701 641 738 674 in
761 640 871 674 soceri
896 642 1058 675 honorem
1082 653 1193 694 nuper
1215 640 1375 681 condito,
1410 640 1516 693 probe
1538 640 1676 675 sciebat.
1747 639 1868 684 ltaque
1890 651 1997 684 quum
2020 650 2078 672 ve·

242 684 320 718 niae
343 684 508 730 petendae
532 697 667 718 causam
692 685 727 717 in
751 684 947 718 Domitiano
970 686 1069 718 sitam
1093 686 1200 718 fuisse
1222 685 1331 717 multo
1354 684 1572 717 verisimilius
1603 685 1745 727 (lucam,
1779 696 1884 729 quam
1910 684 1945 716 in
1968 682 2079 716 seculi

241 729 407 770 moribus,
429 728 514 762 nihil
536 728 633 762 aliud
656 728 769 762 verbis
783 728 861 762 illis
885 729 1044 763 Tacitum
1066 729 1256 775 exprimere
1279 728 1428 762 voluisse
1450 729 1565 769 credo,
1614 741 1689 761 uam
1712 730 1795 762 hoc:
1823 739 1894 761 non
1917 727 2016 774 prius
2032 727 2079 760 si·

242 773 279 807 bi
303 773 433 807 licitum
459 773 564 807 fuisse
586 773 689 806 vitam
714 773 897 818 Agricolae
922 774 956 807 iu
981 774 1157 820 publicum
1181 774 1300 815 edere,
1332 786 1433 819 quam
1464 785 1570 818 quum
1630 773 1795 807 omitiano
1819 772 1990 806 exstincto
2015 773 2076 806 ho-

242 823 371 851 nestam
395 817 568 851 scribendi
591 824 625 850 et
645 817 783 851 dicendi
805 818 995 852 libertatem
1019 819 1132 852 denuo
1155 824 1253 851 nacta
1276 824 1363 852 esset
1384 817 1503 851 civitas
1527 818 1692 851 Romana.
1741 818 1843 861 Quae
1875 816 1943 850 loci
1969 817 2076 850 iuter·

241 862 400 909 putatio,
424 875 443 896 a
466 861 623 895 Dronkio
648 874 756 908 nuper
780 869 855 907 post
877 862 983 905 alios,
1006 862 1100 896 velut
1123 862 1353 904 Salinerium,
1374 861 1561 904 Savilium,
1586 868 1740 906 recepta,
1767 867 1902 902 praeter
1925 861 2075 895 facilita-

241 914 324 947 tem,
348 907 414 940 alia
437 906 614 951 complura
636 907 737 940 habet
759 906 975 951 adjumenta,
1007 907 1134 952 quibus
1165 907 1223 940 illa
1255 912 1288 940 et
1315 912 1523 939 sustentetur
1554 913 1588 939 et
1609 907 1844 940 confirmetur.
1918 906 2075 939 Primum

243 951 335 986 enim
359 962 429 985 non
453 950 538 985 levis
562 951 721 985 momenti
743 957 793 985 est
815 951 858 985 ad
882 963 1018 985 causam
1043 957 1191 985 nostram
1205 951 1381 992 tuendam,
1410 950 1503 996 quod
1513 950 1656 984 Tacitus
1666 950 1766 993 dixit,
1791 950 1858 984 sibi
1881 962 1976 985 nunc
1991 962 2074 983 nar·

241 1002 360 1031 mucro
385 995 485 1030 venia
515 1008 601 1043 opus
631 996 760 1031 fuisse:
807 996 865 1030 cui
887 996 1025 1041 quidem
1049 996 1125 1031 loco
1150 996 1239 1030 idem
1262 996 1407 1038 accidit,
1440 995 1533 1042 quod
1556 995 1633 1029 aliis
1657 996 1796 1039 multis,
1829 1002 1868 1030 ut
1891 995 1945 1030 vel
1961 995 2073 1042 negli-

242 1047 392 1086 geretur,
414 1046 575 1085 tanquam
598 1040 769 1074 intellectu
794 1041 948 1080 facilior,
979 1041 1033 1074 vel
1055 1047 1272 1085 torqueretur
1293 1053 1345 1073 ma
1373 1041 1401 1073 is
1423 1053 1524 1092 quam
1550 1040 1789 1085 explicaretur.
1834 1040 1960 1085 Neque
1989 1051 2074 1073 vero

242 1084 441 1131 particulam
464 1097 555 1118 nunc
577 1096 654 1118 cum
678 1084 849 1119 Saliuerio
872 1085 918 1118 ita
940 1084 1050 1130 accipi
1071 1085 1187 1127 velim,
1212 1084 1310 1129 qnasi
1333 1053 1392 1118 ἰῇ·
1417 1083 1607 1128 significet:
1632 1097 1727 1118 nunc
1738 1085 1890 1127 demum3
1917 1096 1996 1116 nam
2013 1095 2074 1116 ue·

242 1142 311 1175 que
335 1129 421 1169 alias¹
441 1142 581 1175 usquam
604 1128 805 1174 particulam
827 1142 934 1171 nunc,
956 1129 1156 1175 simpliciter
1179 1129 1337 1175 positam,
1362 1128 1430 1163 vim
1455 1130 1552 1162 istam
1578 1129 1702 1163 habere
1725 1129 1886 1171 arbitror,
1910 1135 1945 1162 et
1961 1128 1991 1162 si
2001 1128 2072 1161 Ta·

241 1174 328 1208 citus
351 1186 423 1207 eam
445 1175 507 1207 hac
531 1173 670 1207 notione
694 1181 898 1220 usurpasset,
924 1185 1042 1220 parum
1066 1180 1220 1207 accurate
1242 1174 1374 1207 locutus
1397 1179 1493 1207 esset.
1525 1173 1669 1207 Scilicet
1691 1174 1841 1207 scribere
1863 1179 1948 1206 tuuc
1969 1173 2074 1206 debe·

241 1219 298 1252 hat
320 1219 374 1252 vel
397 1231 489 1252 nunc
512 1219 647 1252 demum
673 1221 843 1261 narranh',
868 1218 936 1261 vel,
960 1219 991 1252 si
1014 1218 1079 1252 tale
1102 1219 1186 1265 quid
1209 1218 1406 1264 placuisset,
1429 1218 1485 1250 cui
1510 1230 1604 1251 nuuc
1627 1218 1763 1251 demum
1788 1217 1950 1251 narrandi
1972 1219 2074 1264 copia

231 1265 333 1308 ιῘὶιιεὶα
357 1269 415 1298 est.
460 1262 547 1295 Nam
571 1275 676 1308 quum
702 1263 888 1307 particulae
909 1265 1054 1303 demum,
1079 1263 1140 1296 ubi
1161 1264 1290 1295 adnexa
1313 1269 1364 1296 aet
1386 1262 1483 1295 alteri
1508 1262 1560 1295 illi
1582 1275 1688 1303 nante,
1714 1275 1752 1295 ea
1776 1260 2008 1307 sitspotestas,
2034 1268 2074 1295 nt

240 1313 404 1355 punctum
419 1306 554 1344 ,indicet
574 1307 749 1354 temporis,
797 1307 864 1342 uod
888 1307 984 1354 prius
1007 1319 1075 1341 non
1103 1306 1271 1349 inciderit,
1294 1318 1502 1354 quamquam
1524 1305 1678 1341 incidere
1700 1312 1852 1353 poterat,
1878 1305 2073 1340 necessario

240 1353 406 1399 sequitur,
428 1359 466 1386 ut
488 1365 541 1386 res
564 1352 621 1385 illa
645 1358 678 1386 et
701 1365 765 1386 cou
793 1353 864 1395 itio,
886 1365 975 1399 quae
998 1353 1149 1386 evenisse
1170 1353 1325 1395 traditur,
1348 1359 1406 1385 aut
1425 1352 1616 1385 Praesentis
1640 1352 1803 1397 temporis
1828 1353 1936 1384 forma
1958 1351 2073 1397 expri-

241 1403 362 1440 matur,
384 1403 441 1430 aut
464 1396 628 1430 perfecti:
651 1409 719 1441 qua
743 1404 886 1442 utraque
910 1397 1005 1430 verbi
1029 1397 1137 1430 foruna
1159 1397 1331 1429 indicatur
1354 1397 1401 1437 id,
1424 1397 1517 1441 quod
1541 1403 1591 1429 est
1614 1402 1672 1429 aut
1695 1397 1821 1429 factum
1836 1402 1898 1430 est.
1945 1396 2072 1429 Exem-

240 1442 297 1489 pla
320 1440 414 1476 etin
438 1447 596 1488 promptu
621 1439 656 1475 et
675 1440 770 1487 large
802 1441 1016 1488 suppeditata
1044 1447 1126 1475 sunit
1147 1441 1190 1475 al)
1221 1440 1360 1475 Handio
1391 1440 1438 1475 V.
1470 1439 1521 1475 Cl.
1554 1440 1705 1475 Tursell.
1741 1440 1788 1476 ΙΙ.
1824 1453 1858 1487 p.
1884 1440 1965 1475 251.
1995 1451 2074 1487 sqq.

240 1493 274 1520 et
297 1487 327 1520 si
349 1499 455 1532 pauca
480 1492 602 1526 essent,
625 1485 697 1531 ipsa
721 1486 807 1520 ratio
834 1499 896 1520 nos
919 1487 1085 1528 edoceret,
1107 1487 1195 1520 lianc
1217 1497 1290 1520 esse
1314 1485 1556 1531 particularum
1578 1491 1671 1519 nunc
1693 1486 1826 1519 ‹lemum
1850 1485 1917 1519 vim
1941 1491 1976 1519 et
1990 1498 2073 1519 cou-

241 1531 423 1575 ditionem,
445 1543 463 1565 a
489 1543 555 1577 qua
579 1530 744 1564 diversam
770 1543 843 1565 esse
866 1531 1036 1564 notionem
1060 1530 1302 1578 particularum
1325 1536 1358 1564 et
1376 1530 1638 1575 juncturarum:
1665 1535 1735 1564 aaa
1757 1530 1917 1573 (ternum,
1940 1530 1988 1564 ibi
2013 1530 2073 1564 de·

240 1589 345 1618 mum,
368 1576 561 1616 iddemum,
586 1576 674 1608 inter
697 1588 814 1608 omncs
837 1582 976 1608 constat=
1000 1588 1056 1608 eas
1079 1576 1170 1608 enim
1194 1588 1313 1608 omnes
1344 1576 1445 1608 ctiam
1477 1576 1521 1607 ad
1552 1588 1605 1608 res
1636 1581 1670 1607 ct
1692 1575 1907 1609 conditiones
1937 1576 2074 1608 futuras

240 1622 367 1655 referre
397 1620 485 1654 licet,
552 1620 695 1661 Verum,
730 1626 767 1652 ut
794 1620 837 1653 ad
868 1620 1021 1653 ordinem
1044 1625 1210 1662 revertar,
1240 1625 1446 1653 nam-amnas
1474 1631 1581 1664 quum
1612 1619 1641 1652 is
1665 1619 1820 1660 dicatur,
1851 1620 1907 1653 cui
1936 1618 2073 1665 aliquid

239 1678 377 1699 narrare
398 1664 609 1712 propositum
632 1670 682 1697 cst
702 1664 832 1710 quique
854 1663 890 1697 in
914 1677 955 1697 eo
977 1670 1045 1705 est,
1078 1671 1114 1697 ut
1137 1677 1207 1697 rem
1232 1664 1381 1709 aliquam
1405 1670 1533 1710 gestam
1555 1670 1722 1710 exponat,
1748 1663 1853 1710 idque
1877 1664 1988 1698 libera
2009 1675 2073 1697 sua

223 1716 417 1758 -potestate‚
441 1721 547 1756 quum
574 1722 615 1744 ue
639 1708 732 1743 nulla
754 1721 894 1756 prorsus
916 1708 1103 1755 significata
1126 1708 1171 1742 sit
1194 1721 1308 1755 neque
1331 1709 1480 1743 auctoris
1504 1708 1681 1756 obligatio,
1705 1721 1768 1743 uec
1793 1709 1863 1742 ulla
1888 1709 2071 1750 lectorum,

241 1756 365 1801 quibus
388 1755 527 1788 libellus
574 1755 733 1788 estiuatus
756 1760 861 1795 esset,
895 1754 1121 1799 exspectatio,
1149 1754 1265 1787 nescio
1299 1753 1384 1799 quid
1415 1754 1564 1799 ineptius
1593 1754 1723 1798 optimo
1752 1754 1913 1799 scriptori
1939 1753 2074 1787 intrudi

240 1799 399 1847 potuerit,
421 1811 521 1846 quam
545 1798 638 1833 notio
661 1798 720 1832 illa
746 1798 931 1844 particulae
953 1810 1045 1831 imno
1069 1798 1255 1844 supposita,
1278 1809 1345 1843 qua
1364 1798 1421 1831 illa
1430 1804 1594 1844 augeatur
1611 1797 1859 1831 etintendatur.
1884 1798 2017 1842 Quare,
2036 1803 2075 1831 ut

255 1845 359 1879 »aucis
381 1857 452 1879 rem
474 1844 658 1886 absolvam,
681 1845 780 1877 verba
804 1856 896 1877 nune
918 1848 1099 1876 narratio-o
1123 1849 1185 1877 etc.
1209 1843 1396 1877 arctissime
1420 1843 1507 1876 iuter
1529 1855 1567 1876 se
1591 1843 1787 1884 cohaerere,
1810 1843 1955 1877 minime
1977 1855 2073 1886 vero,

241 1892 278 1925 nd
301 1890 392 1936 quod
418 1888 628 1923 etmilniolim
639 1888 746 1921 visum
769 1894 832 1929 est,
857 1887 1056 1934 particulam
1079 1900 1183 1930 ruane,
1209 1888 1252 1920 ad
1274 1900 1348 1920 eam
1362 1887 1608 1921 enuntiationis
1620 1893 1750 1932 partem
1765 1888 1983 1922 referendam
1998 1900 2074 1922 esse

241 1946 384 1977 censeo,
415 1946 502 1980 quac
524 1933 714 1966 continetur
738 1933 867 1966 verbis:
894 1933 993 1965 venia
1016 1944 1097 1976 opus
1117 1932 1196 1976 fuit.
1244 1931 1409 1977 Singulas
1433 1932 1540 1977 igitur
1562 1932 1667 1964 totius
1693 1931 1761 1964 loci
1786 1933 2004 1966 conditiones
2027 1932 2075 1966 ita

241 1991 368 2027 quaeso
384 1990 515 2012 mecum
528 1990 699 2011 secernas:
723 1976 824 2010 Nune
834 1977 970 2023 quidem
978 1989 1014 2009 se
1024 1988 1097 2009 esse
1108 1982 1336 2018 narraturum,
1346 1976 1490 2009 Tacitus
1500 1975 1557 2018 ait,
1576 1976 1678 2009 vitam
1694 1976 2024 2020 defnnetiluomiuis,
2037 1976 2074 2010 id

241 2031 303 2066 est,
316 2023 549 2069 expositurum
566 2023 653 2055 sede
668 2022 925 2066 vitaAgricolae
947 2021 1098 2065 adeoque
1121 2021 1355 2054 confecturum
1380 2033 1455 2054 esse
1477 2033 1578 2066 opus,
1598 2020 1671 2064 jam
1680 2020 1812 2054 dudum
1822 2022 1939 2055 animo
1949 2035 2074 2068 propo-

240 2069 352 2104 situm.
376 2067 480 2111 Quod
505 2066 689 2121 quominus
710 2066 804 2112 prius
825 2071 858 2100 et
880 2077 942 2099 suo
956 2070 1307 2111 temporesusceptum
1317 2065 1550 2099 etabsolutum
1565 2064 1684 2106 fuerit,
1710 2065 1956 2111 impedimento
1966 2067 2074 2101 fnisse

240 2126 375 2148 saevum
397 2111 587 2146 Domitiani
612 2112 810 2156 imperium3
846 2123 885 2143 eo
915 2109 1005 2144 enim
1029 2109 1190 2142 narrandi
1214 2109 1348 2143 veniam
1381 2110 1449 2143 sibi
1471 2110 1501 2143 f·
1533 2122 1602 2142 non
1626 2122 1770 2162 prorsus
1793 2111 2009 2157 ademptam,
2040 2117 2074 2145 at

240 2164 329 2193 certe
352 2156 564 2192 imminutam
589 2156 710 2198 fuisse,
732 2154 923 2201 praesertim
947 2153 1101 2200 periculo
1125 2153 1344 2194 imminente,
1369 2166 1413 2188 ne
1436 2154 1518 2200 quid
1548 2153 1608 2187 uid
1632 2166 1668 2188 m
1687 2154 1824 2189 virtutis
1836 2155 1986 2202 alicujus
2001 2156 2072 2190 lau-

240 2204 316 2236 dem
339 2203 503 2247 seriptum
527 2207 624 2242 essct,
646 2201 800 2245 capitalis
825 2212 931 2233 noxae
954 2200 1143 2232 haberetur.
1190 2198 1266 2232 Rae
1289 2198 1404 2243 itaque
1428 2199 1530 2232 fornii
1555 2199 1612 2233 ine
1634 2212 1653 2233 a
1678 2199 1862 2234 scribendo
1885 2201 1998 2247 ipsum
2021 2214 2072 2234 re-

238 2246 407 2281 tardatum
431 2258 505 2280 esse
543 2245 651 2279 libere
675 2245 815 2288 fatetur,
846 2255 983 2289 eamque
1005 2255 1152 2286 moram,
1187 2253 1289 2288 quam
1312 2243 1427 2277 dicere
1450 2243 1556 2281 lieet.⁴
1577 2243 1730 2278 modeste
1752 2256 1792 2278 ae
1815 2246 2008 2279 verecunde
2031 2257 2071 2278 co

240 2292 407 2337 designat,
429 2292 523 2336 quod
546 2291 644 2326 venia
665 2290 731 2324 sibi
755 2304 842 2337 opus
865 2289 967 2325 fuisse
989 2288 1046 2323 ait.
1092 2287 1234 2322 Veniam
1256 2294 1370 2323 autem
1394 2302 1526 2323 mecum
1551 2288 1704 2336 intellige
1723 2292 1905 2334 narmmli,
1929 2291 1964 2325 id
1976 2290 2070 2335 quod

240 2350 282 2371 ex
304 2336 544 2369 enunciatione
569 2335 766 2379 interposita
790 2334 1017 2380 supplendum
1040 2339 1109 2376 cst,
1131 2339 1169 2366 ut
1190 2333 1283 2378 apud
1307 2333 1402 2366 Ptin.
1426 2334 1540 2379 Epist.
1567 2335 1598 2374 I,
1625 2336 1659 2375 8,
1687 2336 1716 2369 l.
1740 2335 1907 2378 legumus,
1938 2336 2068 2369 veniam

238 2380 418 2416 recusandi
443 2379 579 2414 laboris.
625 2378 722 2413 Nihil
745 2385 856 2413 autem
881 2377 1089 2424 frequentius
1112 2382 1181 2415 est.
1214 2389 1317 2431 quam
1339 2379 1476 2414 veniam
1500 2380 1583 2414 dare
1602 2380 1751 2425 petenti,
1785 2379 1807 2414 i.
1831 2393 1860 2414 e.
1883 2379 2067 2415 concedere

238 2427 341 2461 alicui
365 2425 506 2470 aliquid.
553 2424 624 2458 cfr.
647 2424 780 2458 Manat.
804 2425 844 2457 ad
871 2424 943 2459 Cic.
967 2424 1074 2470 Epist.
1098 2424 1139 2456 ud
1165 2422 1286 2466 Quint.
1310 2423 1366 2459 Fr.
1389 2424 1423 2466 3,
1451 2426 1477 2457 l.
1502 2431 1535 2458 et
1560 2424 1758 2470 Baumgart.
1783 2425 1888 2459 Crus.
1912 2426 1953 2458 ad
1980 2424 2065 2457 Suc-

236 2478 310 2507 tou.
338 2471 421 2507 Tib.
445 2483 474 2504 c.
501 2470 551 2504 10.
598 2468 816 2515 Quapropter
838 2468 1000 2502 audacius
1023 2480 1124 2513 quam
1155 2468 1267 2503 v'crius
1291 2469 1421 2503 dictum
1448 2469 1621 2515 simulque
1651 2469 1868 2504 interdictum
1899 2480 2016 2503 censeo
2046 2479 2065 2500 a
