2291 2926
340 315 411 351 Sed
434 316 515 353 satis
538 317 581 353 de
601 319 657 353 bis
680 318 807 354 dictum
830 326 897 355 est:
930 321 1034 355 immo
1057 333 1101 354 ne
1125 321 1222 366 justo
1244 318 1377 354 diutius
1401 319 1437 353 in
1462 319 1527 353 boc
1550 318 1628 352 loco
1656 325 1882 353 commoratus
1904 334 1975 355 csse
1997 334 2084 355 non·

249 362 357 397 nullis
378 361 509 405 videar,
533 377 661 398 vereor.
706 364 825 412 Itaque
848 367 890 400 ad
913 366 1049 401 tertium
1074 366 1243 412 quendam
1268 366 1488 407 accedamus,
1521 363 1585 411 qui
1610 377 1770 410 magnam
1795 364 1907 398 Taciti
1928 367 2085 401 amatori·

248 407 316 442 bus
337 419 432 452 spem
456 409 614 443 excitavit
636 416 669 444 ct
690 411 970 457 exspectationem
995 424 1104 444 novae
1127 410 1351 457 clariorisque
1374 410 1474 451 lueis,
1496 422 1600 455 qnam
1623 409 1935 456 praestantissimus
1959 412 2018 446 ille
2040 412 2084 446 de

248 453 319 486 vita
345 451 530 498 Agricolae
552 454 710 496 libellus,
744 462 775 489 et
798 468 866 501 quo
893 469 974 490 suae
998 456 1105 500 ipsius
1137 462 1207 489 tum
1232 454 1455 489 humanitatis
1478 460 1551 488 tum
1573 454 1712 508 pietatis
1742 454 1885 487 Tacitus
1914 455 2012 489 tacite
2043 468 2084 489 ac

249 497 402 531 modeste
425 497 605 545 imaginem
632 499 806 546 descripsit
829 500 1052 543 luculentam,
1079 512 1186 545 quum
1210 499 1286 533 aliis
1310 499 1440 543 multis,
1464 506 1534 533 tum
1559 499 1672 533 eidem
1696 498 1848 542 illipviro
1871 499 2019 540 erudito,
2041 501 2084 534 de

249 555 320 589 quo
343 543 499 577 dicturus
522 556 608 586 sum,
631 544 819 579 desiderare
842 545 935 579 visus
958 552 1018 579 cst.
1072 545 1228 578 Wexius
1259 551 1328 587 est,
1360 545 1413 578 vir
1437 544 1647 578 Graecarum
1681 551 1714 578 ct
1741 544 1972 577 Romanarum
1996 545 2083 578 litte-

248 599 362 620 rarum
388 588 623 634 peritissimus,
649 589 700 623 clc
726 589 836 622 antiae
860 596 892 622 et
913 589 1109 622 subtilitatis
1133 589 1234 623 laude
1258 589 1474 634 conspicuus.
1518 589 1554 622 ls
1586 589 1678 622 enim
1710 595 1785 622 tum
1809 588 1893 621 artis
1916 600 1997 622 suae
2018 589 2084 622 eri-

248 631 350 675 ticae,
373 638 445 667 tum
471 633 687 669 accuratioris
701 602 864 669 tiocorum
890 634 1134 668 nonnullorum
1161 633 1446 680 interpretationis
1468 633 1641 680 specimen
1665 633 1774 668 edidit
1796 633 1850 667 sin
1881 633 1968 667 ulari
1993 647 2085 668 com-

248 678 456 712 mentatione
467 682 513 721 ⁴)‚
536 692 602 725 qua
620 686 784 725 quantum
797 692 861 723 ego
871 685 904 712 et
929 679 1071 712 allectus
1094 685 1127 713 et
1150 680 1334 713 delectatus
1357 679 1495 720 fuerim,
1521 679 1590 712 dici
1613 692 1681 712 non
1706 685 1829 723 potest.
1898 679 1968 711 ulta
1992 679 2086 712 enim

249 722 518 769 protulitanetor
537 735 579 756 ex
602 735 663 756 sua
687 723 861 756 doctrinae
885 723 981 768 copia
1009 735 1142 770 proque
1166 735 1226 756 sna
1250 723 1381 769 ingenii
1404 723 1602 769 sagacitate,
1628 723 1756 770 quibus
1781 728 1855 756 tum
1879 723 2085 757 inveteratos

249 767 415 813 quosdam
432 780 562 802 errores
577 766 771 813 dispellere,
795 773 866 801 tum
884 767 979 801 locos
998 768 1128 814 aliquot
1150 768 1365 802 obscuriores
1393 767 1589 813 illustrare,
1606 768 1807 814 depravatos
1835 768 2003 814 quosdam
2027 768 2085 801 ad-

248 812 397 846 mirabili
420 813 564 858 quadam
589 812 768 845 divinandi
792 818 825 845 et
846 813 1061 856 conjectandi
1084 812 1233 846 sollertia
1256 825 1376 846 sanare
1396 813 1538 845 studuit.
1585 813 1749 858 Denique
1780 825 1876 858 spem
1908 812 1993 845 feeit
2023 823 2086 845 no-

248 869 310 891 vae
333 856 437 890 totius
461 856 571 890 libelli
595 855 756 890 editionis
780 857 978 902 propediem
1003 857 1189 902 parandae:
1218 857 1309 902 quod
1334 857 1551 903 promissum,
1574 857 1753 903 permultis
1778 857 1872 890 baud
1897 856 2005 890 dubie
2029 869 2085 890 ae-

247 914 315 954 que
335 914 375 935 ac
397 901 482 934 mibi
502 906 635 953 gratum
659 907 692 934 ct
714 907 888 946 acceptum
902 924 913 941 ‚
948 902 1007 934 ubi
1030 902 1250 947 compleverit
1271 901 1339 934 Vir
1362 901 1632 943 cruditissimus,
1657 902 1881 947 officiumque
1905 901 2010 934 simul
2034 901 2085 933 vi-

246 946 311 980 rile
334 945 552 992 praestiterit,
576 945 713 991 egregie
738 945 796 979 ille
819 945 862 979 dc
884 946 953 979 vita
963 946 1147 993 Agricolae
1172 945 1337 979 meruisse
1361 945 1552 979 censendus
1562 946 1637 988 erit,
1660 946 1779 980 multis
1803 952 1837 980 et
1861 945 1997 992 magnis
2022 944 2083 979 eti-

247 1003 386 1026 amnum
409 996 488 1037 post
508 996 557 1024 tot
578 996 612 1024 et
641 996 751 1025 tantos
782 990 1006 1045 interpretum
1042 991 1177 1026 labores
1208 997 1278 1025 tum
1312 990 1573 1025 difficultatibus
1605 991 1799 1035 obstructa,
1845 998 1918 1025 tum
1948 990 2083 1025 mendis

246 1049 287 1072 ac
302 1036 397 1070 vitiis
419 1036 549 1071 obruta.
595 1035 736 1070 Interim
762 1048 851 1081 quae
874 1049 909 1070 ιιι
933 1036 993 1069 tali
1016 1043 1138 1070 conatu
1163 1036 1250 1069 ratio
1273 1035 1464 1069 adhibenda
1486 1036 1531 1069 sit
1553 1042 1587 1069 et
1608 1036 1755 1078 tuenda,
1786 1049 1875 1082 quac
1900 1036 1996 1080 leges
2020 1036 2083 1069 ob—

246 1080 448 1123 servandae,
480 1079 605 1125 quibus
627 1093 672 1113 ex
695 1080 868 1125 prioribus
891 1080 1000 1114 libelli
1024 1081 1210 1114 editoribus
1238 1080 1317 1126 plus
1346 1080 1502 1113 minusve
1525 1081 1734 1114 auctoritatis
1764 1081 1989 1114 tribuendum
2020 1080 2081 1123 sit,

247 1125 296 1160 uti
319 1124 493 1171 praeclaro
515 1137 595 1158 sane
617 1124 773 1171 exemplo
795 1124 983 1159 ostendisse
1005 1125 1089 1158 mibi
1114 1125 1247 1159 videtur
1270 1124 1437 1167 Wexius,
1469 1124 1514 1158 ita
1539 1125 1625 1159 mibi
1646 1125 1788 1171 quidem
1812 1138 1882 1159 non
1906 1125 1943 1158 in
1968 1124 2082 1164 omni-

244 1171 310 1205 hus
332 1182 442 1215 neque
471 1170 556 1202 adsti
586 1169 703 1202 ulandi
734 1175 863 1214 gratam
893 1170 1064 1215 quandam
1095 1170 1329 1203 necessitatem
1361 1169 1526 1215 imposuit
1558 1175 1617 1202 aut
1647 1170 1938 1215 opportunitatem
1974 1169 2081 1212 dedit,

244 1227 357 1260 neque
378 1226 512 1247 omnem
537 1182 660 1247 aiicmit
685 1213 940 1255 dubitationem,
963 1213 1012 1246 sic
1036 1221 1073 1247 ut
1097 1214 1263 1259 optimum
1286 1214 1378 1246 factu
1410 1219 1503 1246 ratus
1528 1226 1637 1246 essem
1661 1214 1698 1247 in
1721 1214 1843 1247 alienis
1861 1213 2082 1258 acquiescere

243 1258 346 1292 honis
369 1263 402 1290 et
423 1257 509 1303 quid
531 1270 595 1302 ego
619 1258 716 1290 aliter
740 1258 782 1290 dc
806 1257 890 1290 locis
913 1257 1119 1303 quibusdam
1141 1263 1334 1298 statuerem,
1358 1257 1414 1289 vel
1437 1257 1576 1289 missum
1601 1258 1712 1290 facere
1736 1258 1788 1290 vel
1814 1258 1968 1290 reticere.
2011 1257 2082 1290 Po·

244 1302 313 1336 tius
335 1301 418 1335 duxi
440 1307 541 1347 atque
564 1301 605 1334 ad
630 1301 736 1335 officii
760 1301 1019 1347 studiorumque
1042 1302 1205 1335 rationem
1231 1301 1341 1346 magis
1355 1301 1656 1344 accommodatum,
1681 1302 1851 1335 diversam
1867 1314 1976 1335 meam
1995 1313 2080 1347 qua-

245 1347 451 1392 lemcunque
472 1346 673 1379 sententiam
698 1346 807 1392 palam
831 1346 1053 1391 pronuntiare
1074 1346 1303 1398 Virorumquc
1326 1345 1536 1378 eruditorum
1553 1346 1689 1389 judicio
1711 1346 1900 1390 subjicere,
1927 1358 2080 1391 praeser-

244 1391 307 1424 tim
330 1402 437 1436 quum
462 1390 547 1423 mihi
565 1390 637 1433 jam
660 1390 788 1423 dudum
811 1390 1022 1435 propositum
1058 1396 1165 1432 esset,
1195 1389 1367 1436 quidquid
1397 1389 1458 1423 otii
1491 1389 1687 1436 viriumque
1718 1391 1891 1436 reliquum
1923 1392 2081 1424 futurum

246 1441 309 1479 est,
334 1435 368 1468 in
391 1434 536 1468 eundem
559 1434 654 1468 illum
679 1434 712 1468 T
714 1434 792 1468 aciti
817 1434 972 1468 libellum
996 1434 1204 1481 impendere.
1435 1441 1443 1448 ¹

335 1480 457 1526 Itaque
478 1485 516 1512 ut
538 1479 580 1513 ab
604 1492 643 1513 eo
665 1479 740 1524 ipso
763 1480 839 1513 loco
862 1479 1032 1522 exordiar,
1057 1479 1093 1513 in
1118 1491 1187 1525 quo
1214 1478 1419 1512 illustrando
1442 1478 1572 1511 diutius
1596 1479 1785 1525 aliqnando
1815 1485 1967 1513 moratus
1990 1491 2081 1522 sum,

245 1523 345 1559 nullo
376 1524 477 1558 modo
506 1536 525 1557 a
547 1537 600 1557 me
623 1523 803 1577 impetrare
827 1524 945 1570 potui,
970 1530 1008 1556 ut
1031 1524 1195 1557 assentiar
1217 1523 1270 1566 iis,
1293 1535 1381 1569 quac
1412 1523 1454 1556 dc
1476 1523 1552 1556 loco
1577 1523 1638 1557 illo
1661 1524 1839 1557 notissimo
1862 1524 2081 1571 multumque

247 1576 281 1604 et
302 1569 394 1603 varie
414 1567 593 1614 exagitato,
616 1581 677 1614 qui
701 1575 753 1602 est
776 1568 898 1615 Agric.
924 1581 952 1603 c.
976 1570 1010 1602 2.
1033 1568 1081 1603 in.
1104 1568 1296 1614 disputavit
1320 1567 1374 1601 Cl.
1399 1567 1564 1603 W'cxius.
1611 1568 1772 1614 Longum
1798 1570 1885 1602 foret
1909 1569 2022 1603 varias
2038 1569 2081 1603 il-

244 1615 296 1649 las
320 1620 353 1649 et
381 1613 586 1660 multiplices
610 1613 714 1666 liujus
738 1613 804 1647 loci
829 1626 1025 1647 enumerare
1049 1613 1315 1659 explicatioucS,
1350 1612 1547 1655 versiones,
1576 1612 1863 1660 singulorumque
1895 1614 2080 1648 verborum

244 1658 538 1711 interpretationes
560 1670 578 1690 a
603 1658 684 1690 viris
708 1658 817 1691 doctis
841 1658 943 1690 trium
976 1670 1082 1703 prope
1113 1657 1305 1690 seculorum
1338 1656 1448 1702 spatio
1477 1663 1639 1690 tentatas:
1670 1658 1809 1703 collegit
1840 1658 2007 1703 plurimas
2030 1664 2079 1691 at-

270 1715 313 1737 ne
336 1715 371 1736 ιιι
396 1714 498 1735 unam
523 1701 627 1735 veluti
651 1701 772 1735 molem
798 1714 889 1747 quan
918 1713 993 1734 nam
1018 1701 1220 1746 indigestam
1243 1701 1447 1747 constipavit
1471 1700 1616 1747 Ruperti
1632 1701 1812 1754 diligentia
1837 1708 1871 1735 ct
1892 1701 2081 1747 sedulitas3

244 1715 413 1782 iielectum
437 1746 518 1780 fecit
544 1746 693 1780 Rotbius
714 1759 748 1793 p.
776 1746 847 1780 105.
892 1713 1015 1781 ‘b'crba
1034 1752 1148 1779 autem
1174 1746 1252 1788 ista,
1285 1747 1328 1778 de
1358 1744 1486 1791 quibus
1516 1758 1609 1778 nunc
1628 1747 1802 1790 judicium
1827 1759 2082 1793 censuramque

244 1791 368 1826 facturi
391 1803 523 1831 sumus,
548 1792 632 1824 hace
654 1798 751 1824 sunta
780 1791 832 1824 At
852 1791 938 1824 mila·
958 1803 1050 1823 nuvae
1071 1796 1255 1823 ’narraturo
1277 1792 1379 1823 vitam
1406 1790 1560 1834 defimeti
1581 1790 1727 1823 hominis
1750 1792 1852 1823 venia
1882 1803 1967 1836 opus
1988 1793 2079 1836 suit.

243 1837 300 1871 Ac
321 1835 468 1882 primum
488 1835 675 1868 cavendnm
697 1847 770 1868 osse
794 1847 936 1878 censeo,
975 1846 1018 1867 ne
1041 1834 1152 1867 omnis
1175 1840 1325 1868 veterum
1348 1833 1552 1879 scriptorum
1583 1833 1816 1881 interpretatio
1830 1858 1841 1877 ,
1866 1835 1910 1868 ab
1935 1835 2081 1870 bomini-

244 1883 309 1916 bus
326 1880 435 1915 doctis
458 1892 606 1926 unquam
630 1886 768 1922 tentata,
791 1879 918 1913 derisni
943 1879 988 1913 sit
1010 1885 1068 1913 ant
1090 1884 1180 1913 certe
1202 1878 1388 1913 cavillandi
1411 1878 1542 1925 copiam
1566 1878 1669 1913 faciat
1693 1879 1749 1922 iis,
1776 1880 1836 1926 qni
1861 1880 1918 1914 vel
1941 1880 2009 1928 ipsi
2030 1880 2081 1915 vi-

245 1927 359 1961 derint
382 1925 437 1959 vel
459 1937 520 1971 per
542 1924 747 1958 auditionem
771 1925 984 2002 acceperint,
1014 1930 1141 1969 quanta
1165 1936 1265 1968 saepe
1288 1923 1392 1956 fucrit
1417 1923 1640 1968 interpretum
1665 1924 1895 1969 discrepantia
1922 1925 1956 1958 iu
1981 1938 2082 1959 voca-

244 1971 406 2005 bulorum
429 1968 621 2015 vulgarium
644 1975 677 2001 et
699 1981 787 2014 quae
809 1981 851 2001 ve
866 1974 903 2001 ut
925 1969 968 2001 de
990 1967 1103 2000 medio
1125 1974 1262 2013 sumpta
1284 1973 1409 2007 essent,
1433 1967 1572 2000 notione
1595 1968 1849 2010 constituenda,
1876 1969 2083 2005 definienda.

243 2015 321 2063 Ego
344 2021 454 2050 autem
477 2026 583 2061 quum
606 2012 821 2060 cogitatione,
845 2019 915 2047 tum
940 2011 1146 2058 experientia
1169 2025 1209 2046 eo
1233 2011 1399 2046 adductus
1422 2024 1519 2055 sum,
1545 2018 1583 2046 ut
1604 2012 1761 2058 cujusvis
1785 2012 1854 2047 loci
1880 2013 2082 2061 interpreta-

243 2061 373 2095 tionem
397 2072 438 2094 eo
460 2058 626 2093 veriorem
650 2064 683 2091 et
704 2058 869 2091 saniorem
891 2058 1098 2099 existimem,
1121 2069 1190 2102 quo
1212 2057 1406 2103 simplicior
1433 2057 1493 2089 illa
1516 2064 1567 2089 est
1590 2063 1623 2090 et
1645 2058 1822 2091 communi
1846 2059 2003 2092 omnium
2029 2061 2082 2093 in·

243 2104 474 2152 telligcntinm
497 2102 674 2137 hominum
698 2102 811 2135 sensui
834 2101 1105 2136 convenientior.
1152 2100 1283 2144 Quare,
1308 2113 1414 2147 quum
1439 2113 1502 2146 pro
1528 2107 1620 2135 certo
1644 2101 1727 2148 poni
1752 2102 1893 2143 debeat,
1917 2103 2081 2138 Tacitum

243 2150 295 2184 uti
319 2150 416 2192 alias,
437 2149 483 2182 ita
509 2147 621 2194 primo
645 2147 789 2181 maxime
813 2148 876 2180 boc
898 2145 1069 2180 scribendi
1091 2157 1114 2191 p
1154 2145 1258 2188 iculo,
1283 2147 1376 2192 quod
1401 2153 1472 2180 erat
1496 2146 1662 2189 facturus,
1686 2147 1840 2180 loentum
1865 2160 1939 2182 csse
1955 2149 2019 2191 sic,
2044 2155 2082 2182 nt

242 2194 427 2228 cultiorum
451 2199 541 2227 certe
564 2192 742 2226 bominum
766 2191 910 2238 quisque
932 2190 1043 2224 statim
1066 2189 1102 2223 in
1118 2189 1293 2236 elliam-et,
1321 2189 1408 2236 qnid
1437 2189 1505 2223 sibi
1529 2190 1659 2224 vellent
1682 2192 1807 2234 verba,
1839 2192 1972 2239 quique
1994 2199 2081 2227 esset

243 2244 301 2273 aut
323 2239 447 2273 fuisset
471 2237 571 2273 verus
595 2237 702 2271 animi
725 2249 858 2278 sensus,
883 2248 951 2283 qno
976 2240 1097 2270 auctor
1119 2234 1177 2268 illa
1202 2234 1487 2280 pronuntiaverit,
1510 2235 1570 2268 vix
1589 2235 1675 2269 mibi
1693 2236 1876 2283 quisquam
1900 2239 2080 2283 persuade»

242 2284 308 2326 bit,
331 2285 467 2316 veniam
487 2284 554 2317 lnoc
575 2282 651 2315 loco
676 2281 768 2314 idem
793 2281 864 2314 fere
888 2292 972 2323 esse,
996 2279 1089 2326 quod
1109 2280 1269 2326 qratiam,
1291 2279 1417 2313 nedum
1441 2285 1481 2313 ut
1503 2279 1627 2313 bonam
1649 2282 1798 2324 veniam,
1821 2282 2081 2328 quamWexius

278 2402 309 2438 ⁴)
328 2402 364 2428 In
386 2398 526 2436 publicum
546 2399 595 2425 illa
617 2399 712 2425 emissa
732 2402 772 2426 est
783 2409 836 2435 pro
850 2399 1073 2434 Progrnnmate,
1098 2397 1170 2434 qnod
1190 2400 1306 2428 voe-at,
1329 2401 1356 2424 et
1377 2401 1583 2432 argumentum,
1607 2399 1643 2425 de
1663 2406 1718 2434 qno
1734 2400 1842 2434 agitur,
1872 2400 2016 2426 indicatam
2039 2402 2078 2425 ea

332 2436 433 2465 hocce:
453 2437 582 2473 Bcilniqe
595 2444 645 2462 zur
656 2435 747 2463 Britik
763 2435 820 2462 aad
831 2435 989 2479 Erklcirunq
1003 2444 1058 2462 von
1073 2432 1344 2497 Tacituinffricola.
1381 2435 1535 2466 Schwen'n,
1558 2435 1639 2463 1840.
1677 2435 1712 2462 3⁴3
1734 2437 1766 2464 S.
1787 2439 1817 2465 4.
1854 2436 1917 2464 Cl'r.
1941 2435 2077 2462 Observa-

331 2475 435 2502 tionum
441 2481 561 2500 mearum
572 2473 677 2500 Pan-tic.
693 2472 734 2500 X.
741 2476 767 2499 et
778 2481 845 2508 qnae
852 2475 945 2498 contra
954 2472 1077 2498 disseruit
1088 2471 1165 2498 Ges-n
1236 2479 1267 2497 ns
1274 2470 1313 2499 V.
1321 2470 1372 2499 cl.
1379 2471 1408 2497 in
1419 2471 1534 2507 epistota
1539 2480 1600 2498 meo
1610 2472 1722 2498 nomiae
1728 2472 1871 2508 iuscripta.
1881 2473 1985 2499 vinu.
1996 2471 2075 2498 1838.
