2291 2926
267 1188 402 1260 Quae
425 1214 511 1248 mihi
538 1213 693 1259 injuncta
717 1219 767 1248 est
789 1213 896 1247 officii
919 1213 1142 1260 munerisque
1164 1225 1243 1261 pars
1263 1213 1401 1261 propria
1425 1219 1458 1247 et
1474 1211 1673 1259 singularis,
1696 1216 1735 1246 ut
1758 1210 1953 1246 memoriam
1976 1221 2015 1245 ae
2030 1210 2103 1246 lau·

266 1269 343 1303 dem
370 1269 671 1314 Scllfissler19
693 1268 761 1302 viri
783 1268 1048 1315 generosissimi,
1072 1269 1145 1303 suis
1169 1269 1204 1303 in
1231 1268 1458 1316 Gymnasium
1481 1274 1634 1302 nostrum
1656 1266 1833 1302 beneficiis
1855 1267 1986 1302 collatis
2007 1279 2103 1313 prae·

265 1324 357 1359 clare
378 1324 504 1369 meriti,
525 1324 811 1359 commentatione
837 1325 952 1371 aliqua
975 1324 1012 1358 iu
1035 1325 1214 1372 publicum
1236 1324 1420 1359 emittenda
1442 1323 1611 1367 recolam,
1634 1336 1673 1358 ea
1696 1323 1866 1370 quomodo
1889 1324 2018 1367 denuo,
2040 1324 2104 1356 hae

264 1379 378 1414 ohlata
403 1379 686 1426 opportunitate,
714 1380 918 1425 defungerer
949 1392 1020 1414 11011
1052 1380 1100 1414 ita
1123 1380 1160 1413 in
1184 1380 1346 1426 ambiguo
1369 1379 1456 1422 tuit,
1483 1391 1589 1425 quum
1613 1391 1701 1425 quae
1723 1384 1794 1412 tum
1818 1378 1962 1413 eximiae
1984 1377 2105 1427 optimi

262 1433 329 1469 viri
352 1434 571 1477 humanitati,
595 1440 668 1469 tum
692 1434 882 1468 litterarum
905 1435 1049 1478 studiis,
1081 1434 1206 1481 quibus
1229 1434 1289 1468 ille
1311 1434 1569 1469 honestissimus
1592 1433 1721 1467 exstitit
1744 1435 1872 1478 fautor,
1895 1433 2002 1481 magis
2025 1445 2104 1468 cou-

262 1489 405 1523 veniens
428 1495 528 1532 esset,
542 1501 615 1523 uon
639 1488 742 1523 aliam
764 1485 910 1523 viderim
934 1495 993 1524 aut
1016 1489 1200 1536 repererim
1223 1502 1285 1524 nee
1317 1489 1482 1524 rationem
1511 1501 1575 1523 nee
1599 1489 1791 1533 materiem,
1824 1502 1926 1536 quam
1949 1502 2037 1535 quae
2062 1502 2105 1523 ex

264 1544 394 1579 Graeca
417 1550 451 1578 et
476 1544 631 1578 Romana
657 1544 763 1590 petita
787 1550 880 1578 esset
900 1544 1117 1591 antiquitate.
1162 1544 1251 1578 Nam
1274 1558 1379 1591 quum
1403 1544 1563 1590 ampliori
1585 1544 1806 1590 disputationi
1823 1544 2105 1591 gravioribusque

262 1599 306 1634 de
326 1600 431 1634 rebus
455 1599 688 1634 instituendae
712 1599 809 1634 locus
832 1612 902 1634 non
927 1599 984 1642 sit,
1007 1599 1038 1633 si
1061 1599 1199 1647 quidem
1222 1600 1311 1634 intra
1336 1605 1562 1647 pernugustos
1586 1599 1672 1633 lines
1688 1600 1766 1634 talis
1780 1599 1920 1647 scriptio
1936 1612 2009 1634 sese
2024 1612 2103 1635 con-

262 1655 368 1690 tineat
389 1667 531 1690 necesse
554 1660 618 1699 est,
644 1655 783 1702 singula
806 1661 959 1690 veterum
982 1662 1159 1690 auctorum
1181 1656 1255 1691 loca
1278 1656 1487 1703 perlustrare
1511 1661 1613 1702 atque
1637 1655 1680 1690 de
1703 1655 1746 1690 iis
1769 1669 1831 1702 pro
1854 1669 1914 1690 sua
1936 1656 2104 1702 cujusque

261 1711 460 1745 necessitate
482 1711 626 1756 longius
649 1711 789 1744 brevius
812 1711 849 1743 10
874 1716 1054 1756 utramque
1078 1717 1207 1756 partem
1233 1711 1399 1744 disserere
1418 1709 1586 1756 optimum
1609 1710 1701 1744 factu
1726 1723 1832 1757 quum
1862 1716 1959 1746 antea
1988 1710 2103 1745 multis

261 1765 373 1800 visum
397 1771 469 1809 est,
493 1772 565 1800 tum
589 1771 741 1800 nostram
765 1765 802 1800 111
826 1766 894 1800 1100
917 1778 1043 1812 genere
1066 1778 1202 1813 operam
1228 1766 1427 1801 collocatam
1451 1765 1593 1799 eruditis
1615 1765 1700 1800 viris
1722 1779 1791 1801 non
1817 1779 1954 1813 prorsus
1976 1766 2102 1813 impro-

261 1821 374 1855 batam
397 1835 470 1856 esse
493 1822 653 1857 vidimus.
701 1821 892 1856 Seribendi
919 1827 1031 1854 autem
1061 1827 1094 1854 et
1124 1822 1327 1868 inquirendi
1361 1821 1494 1866 copiam
1526 1820 1627 1854 nobis
1650 1821 1824 1867 praebebit
1855 1821 2015 1866 Tacitus,
2045 1822 2102 1856 cui

261 1876 431 1923 quidquid
455 1877 536 1911 olim
564 1877 707 1911 acrioris
730 1883 764 1911 et
788 1875 984 1910 intentioris
1008 1876 1116 1910 studii
1138 1877 1181 1910 ab
1211 1876 1411 1910 hominibus
1434 1875 1542 1909 doctis
1565 1876 1727 1909 tributum
1757 1883 1807 1910 est
1837 1883 1940 1923 atque
1969 1877 2101 1922 impen-

260 1943 348 1974 sum,
372 1932 422 1964 uti
446 1932 603 1977 egregios
628 1944 667 1965 ae
690 1932 854 1965 salutares
879 1932 960 1966 tulit
983 1933 1129 1973 fructus,
1153 1931 1198 1965 ita
1222 1937 1256 1964 et
1278 1929 1528 1977 posterioribus
1552 1936 1644 1964 tanto
1666 1930 1734 1965 suit
1757 1930 1990 1974 incitamento,
2012 1938 2049 1965 ut
2071 1932 2102 1966 si

261 1997 330 2031 qna
354 1985 390 2018 in
414 1986 742 2031 praestantissimum
772 1987 973 2032 scriptorem
1008 1999 1027 2020 a
1059 1986 1235 2033 prioribus
1267 1985 1465 2018 viderentur
1497 1985 1610 2019 officia
1641 1986 1795 2032 neglecta
1825 1992 1883 2020 aut
1910 1992 2101 2033 temporum

258 2040 520 2086 studiorumque
541 2042 703 2075 varietate
726 2041 943 2087 interrupta,
967 2054 1006 2075 ea
1028 2054 1071 2074 ex
1093 2047 1231 2074 nostrae
1254 2039 1373 2073 aetatis
1394 2039 1589 2074 hominibus
1612 2040 1805 2087 complures
1829 2053 1891 2087 pro
1912 2041 1984 2075 suis
2006 2041 2100 2089 quis-

259 2107 328 2141 que
350 2094 476 2141 opibus
499 2101 572 2128 tum
594 2102 785 2143 praestare,
816 2101 889 2130 tum
923 2096 1023 2142 quasi
1055 2100 1311 2142 repraesentare
1344 2095 1595 2130 contenderent.
1665 2094 1763 2140 Quos
1786 2108 1903 2131 01110οε
1925 2109 2100 2133 recensere

257 2162 323 2184 nec
337 2149 509 2201 ⁴temporis
532 2156 602 2193 est,
626 2164 690 2185 nee
712 2151 798 2187 loei=
837 2151 921 2186 satis
944 2151 1035 2185 duco
1056 2151 1193 2198 meique
1216 2150 1325 2184 offleii
1348 2163 1439 2185 nune
1461 2164 1534 2185 esse
1557 2151 1704 2187 arbitror
1726 2158 1794 2187 tres
1816 2153 1961 2188 maxime
1983 2154 2099 2201 appel-

256 2206 330 2240 lare
353 2205 458 2247 viros,
481 2205 685 2239 eruditionis
710 2207 808 2252 eopia
834 2207 1021 2243 etambitu
1045 2207 1264 2248 excellentes,
1290 2206 1349 2252 qui
1372 2219 1432 2239 sua
1455 2207 1493 2240 in
1517 2206 1632 2241 Taciti
1654 2206 1760 2242 libros
1789 2220 1890 2254 opera
1914 2209 2098 2245 novissime

254 2261 411 2307 impensa
437 2259 666 2303 declararunt,
689 2268 817 2307 quanto
840 2261 924 2308 ipsis
949 2262 1097 2308 scriptor
1123 2262 1182 2295 ille
1216 2261 1251 2295 in
1276 2262 1401 2295 honore
1424 2261 1488 2304 sit,
1519 2274 1620 2308 quem
1655 2262 1830 2309 dignitatis
1861 2264 1974 2299 10011111
2005 2266 2098 2312 apud

252 2329 322 2366 9⁵²⁵»
338 2315 504 2357 obtineat,
528 2328 686 2362 quaeque
704 2316 798 2360 justa
822 2323 855 2350 et
879 2329 957 2349 vera
980 2316 1101 2362 optimi
1124 2316 1301 2363 scriptoris
1324 2316 1416 2362 apud
1449 2328 1565 2351 01111105
1588 2317 1807 2364 elegantioris
1833 2319 2007 2355 doctrinae
2036 2321 2096 2354 ho-

251 2370 365 2405 mines
389 2382 464 2404 esse
488 2368 609 2403 debeat
632 2370 843 2405 aestumatio.
887 2370 1172 2420 Doederleinium
1195 2370 1355 2415 nomino,
1385 2370 1447 2418 qui
1469 2384 1529 2406 sua
1555 2373 1744 2409 Annalium
1768 2374 1918 2411 editione
1932 2378 1961 2421 ¹)
1984 2380 2096 2410 osten·

286 2513 314 2546 ²)
331 2512 369 2542 C.
388 2511 515 2540 Cornelii
532 2512 622 2540 Taciti
640 2512 746 2550 Opera.
783 2514 946 2541 Emendavi:
960 2518 984 2541 et
999 2515 1196 2543 commentariis
1208 2516 1332 2544 instruxit
1347 2517 1503 2545 Ludovieus
1519 2520 1695 2550 Doederlein.
1731 2522 1822 2556 Halis,
1840 2522 1923 2554 1841.
