2291 2926
1093 221 1127 257 4

180 346 277 375 tuere
299 351 340 375 ac
365 340 549 376 decernere
568 340 735 387 jusserit,
758 352 937 388 uunquam
962 340 1098 383 omissa,
1129 350 1277 386 semper,
1310 337 1342 372 si
1364 348 1434 371 non
1469 336 1594 372 diserte
1626 336 1740 372 verbis
1770 348 1952 385 expressa,
1983 336 2029 372 si-

180 396 345 442 gnificata
359 397 481 431 saltem
495 403 529 431 et
551 403 749 431 monstrata.
794 397 848 431 Ex
871 409 938 443 qua
962 396 1035 441 ejus
1059 395 1173 430 indole
1197 407 1235 429 ac
1258 393 1502 429 consuetudine
1525 393 1556 427 si
1579 393 1664 440 quid
1687 399 1842 428 exortum
1866 400 1918 428 est
1939 392 2030 436 vitii,

182 451 234 485 uti
257 452 440 487 nonnullis
464 452 577 487 visum
594 459 656 495 est,
667 455 699 496 ³]
725 452 818 498 quod
843 452 976 486 scilicet
998 464 1052 485 res
1075 456 1188 497 gestae
1210 450 1300 483 haud
1324 461 1399 483 raro
1422 448 1623 495 cogitationi
1646 454 1679 483 ct
1696 449 1832 494 judicio
1854 448 2030 497 scriptoris

182 506 367 541 videantur
392 508 587 550 inferiores,
612 507 805 553 praevaleat
828 508 903 549 hoc,
927 511 1177 552 postponantur
1198 511 1254 538 aut
1276 504 1383 539 levius
1407 509 1594 538 tractentur
1612 504 1710 538 illae=
1734 503 1807 551 ipsa
1817 510 1931 538 tamen
1945 505 2030 538 haec

181 561 294 596 animi
318 575 524 609 morumque
548 562 737 608 proprietas
761 567 888 595 tantam
912 562 981 596 vim
1005 561 1060 595 vel
1082 561 1118 594 in
1135 560 1299 605 juvenum
1323 559 1454 594 animos
1478 559 1616 603 exserit,
1642 565 1679 594 ut
1706 572 1812 607 quum
1837 559 1952 594 omnia
1974 571 2030 593 vc·

181 617 238 651 lut
260 630 378 652 coram
402 631 520 652 severo
545 624 578 650 ct
601 618 803 663 incorrupto
824 617 945 661 judice
968 623 1129 662 agantur,
1161 616 1357 662 quicunque
1380 615 1422 648 ad
1444 627 1521 648 eum
1545 615 1746 657 accesserit,
1777 620 1940 661 tanquam
1964 626 2030 647 nu-

183 671 289 706 minis
313 672 422 707 divini
447 671 639 719 praesentia
663 672 845 719 perculsus
868 677 1038 707 teneatur.
1086 671 1221 715 Quare,
1244 683 1350 718 quum
1373 670 1414 705 de
1440 669 1545 718 stirpe
1569 668 1775 705 Germanica
1796 668 1952 705 homines
1973 681 2030 704 su·

184 734 266 774 apte
290 735 412 762 natura
435 735 469 761 et
492 727 609 761 indole
632 728 676 761 ad
699 728 789 761 seria
811 727 921 773 magis
946 727 1125 772 compositi
1150 727 1233 768 sint,
1260 739 1361 772 quam
1385 726 1428 759 ad
1446 726 1525 770 joca
1539 732 1571 759 et
1587 726 1732 767 ludicra,
1755 737 1932 771 quumque
1946 737 2031 770 gens

184 788 302 817 nostra
319 782 410 816 haud
425 782 597 816 immerito
620 782 834 828 singularem
860 781 1033 828 quandam
1057 780 1193 815 laudem
1211 781 1292 815 inde
1308 780 1464 824 duxerit,
1495 780 1587 827 quod
1604 780 1753 825 cujusvis
1769 779 1905 815 virtutis
1919 779 2030 827 perfe-

190 844 281 873 ctam
303 838 453 883 aliquam
477 837 627 883 speciem
652 837 766 870 animo
790 850 830 870 ac
852 843 965 870 mente
990 837 1113 870 sectari
1136 842 1169 870 et
1191 836 1349 882 amplecti
1372 849 1452 882 prae
1476 838 1597 869 ceteris
1620 835 1692 881 ipsa
1715 835 1939 877 consueverit,
1964 848 2031 881 ego

186 893 348 939 equidem
370 893 415 926 ita
438 904 573 938 semper
594 891 718 934 statui,
745 891 909 925 Tacitum
941 903 1003 925 sua
1037 891 1080 924 dc
1104 891 1206 925 rebus
1229 891 1357 925 divinis
1383 897 1486 938 atque
1509 890 1668 924 humanis
1691 890 1858 925 sentiendi
1882 896 1914 924 et
1932 890 2030 935 judi-

186 947 289 981 candi
311 948 443 981 ratione
466 960 570 992 quam
595 946 750 992 proxime
773 947 817 980 ad
834 946 1077 979 Germanicam
1104 946 1254 979 indolem
1280 952 1313 979 et
1335 952 1489 979 naturam
1513 945 1685 988 accedere,
1706 951 1809 991 atque
1831 945 1910 979 huic
1930 945 2030 979 illum

185 1001 236 1036 ita
257 1001 517 1036 convenientem
542 1000 759 1048 ingenioque
782 1006 966 1047 cognatum
991 1013 1078 1042 esse,
1105 1006 1143 1033 ut
1167 1000 1273 1034 alium
1296 1007 1446 1035 veterum
1471 1000 1674 1047 scriptorum
1698 997 1879 1037 neminem.
1922 1000 2030 1035 Acce·

189 1056 245 1092 dit
267 1056 443 1092 luculenta
465 1056 527 1091 illa
551 1056 731 1091 interioris
754 1069 875 1091 sensus
898 1056 1005 1090 veluti
1028 1056 1072 1090 ad
1096 1056 1328 1103 posteritatem
1353 1057 1520 1103 professio
1545 1063 1578 1090 et
1600 1056 1813 1100 testificatio,
1837 1069 1905 1103 qua
1926 1056 2031 1091 admi-

184 1112 290 1146 rabili
311 1124 453 1158 prorsus
475 1118 549 1145 tum
573 1111 737 1146 orationis
759 1111 991 1156 simplicitate,
1014 1117 1087 1144 tum
1108 1111 1215 1144 animi
1240 1111 1453 1157 ingenuitate
1476 1111 1672 1154 declaravit,
1696 1118 1822 1158 quanto
1846 1111 1924 1158 plus
1942 1111 2033 1158 apud

186 1166 318 1213 priscos
342 1166 534 1201 Germanos
559 1173 702 1200 naturae
726 1165 873 1200 valuerit
898 1165 1089 1212 integritas,
1115 1178 1217 1212 quam
1242 1166 1333 1212 apud
1348 1166 1528 1210 Romanos,
1552 1172 1715 1200 terrarum
1731 1166 1898 1209 dominos,
1918 1166 2033 1213 legum

187 1222 393 1268 scriptarum
418 1222 622 1256 auctoritasz
650 1234 754 1268 quam
766 1221 973 1255 Germaniae
998 1221 1262 1267 descriptionem
1273 1221 1428 1263 Tacitus,
1452 1222 1587 1267 opinor,
1609 1234 1673 1255 ncc
1695 1222 1901 1267 suscepisset
1921 1234 2034 1268 neque

187 1276 391 1322 evulgasset,
416 1277 484 1310 nisi
507 1277 645 1310 veritati
667 1282 701 1309 et
724 1276 894 1310 honestati
917 1275 997 1321 plus
1021 1275 1082 1308 ille
1105 1275 1301 1317 tribuisset,
1332 1288 1433 1320 quam
1465 1276 1645 1309 ambitioni
1677 1282 1710 1309 et
1733 1275 1868 1321 vulg-ari
1890 1275 2033 1321 popula-

185 1330 280 1364 rium
302 1330 561 1366 existimationi.
610 1330 690 1374 Quo
712 1332 795 1364 item
819 1329 910 1364 viam
936 1329 997 1363 ille
1029 1328 1230 1363 monstravit
1254 1335 1286 1363 et
1316 1330 1481 1363 rationem
1511 1335 1636 1364 reotam
1667 1329 1787 1376 utique
1817 1336 1851 1364 ct
1880 1342 2035 1377 aequam,

185 1397 292 1430 quam
317 1385 422 1419 velim
451 1392 485 1419 et
508 1385 641 1432 eligant
665 1392 699 1419 ct
720 1391 874 1428 teneant,
899 1384 1100 1430 quicunque
1123 1384 1250 1418 nostris
1271 1385 1367 1418 hisce
1379 1385 1589 1431 temporibus
1612 1384 1655 1419 de
1671 1390 1861 1419 exterarum
1883 1385 2036 1431 gentium

188 1439 335 1485 ingenio
358 1445 392 1473 et
416 1439 572 1473 moribus
594 1439 652 1473 vel
670 1439 863 1484 judicaturi
886 1439 942 1472 vel
968 1438 1109 1472 relaturi
1130 1444 1229 1472 sunt:
1275 1439 1422 1481 scilicet,
1455 1452 1498 1473 ne
1522 1439 1603 1473 dum
1628 1445 1806 1473 occaecato
1836 1445 1896 1473 aut
1917 1439 2036 1474 inflato

189 1494 307 1528 auimo
330 1493 403 1528 suis
428 1493 581 1540 gestiunt
602 1494 878 1541 superbiuntque
901 1494 974 1527 sive
994 1493 1098 1527 rebus
1120 1493 1247 1539 gestis,
1277 1493 1350 1527 sive
1375 1493 1511 1540 legibus
1535 1500 1568 1528 et
1590 1493 1773 1538 institutis,
1802 1501 1965 1541 spernant
1988 1501 2036 1530 at-

189 1561 259 1595 que
280 1549 363 1583 vilia
390 1550 539 1583 habeant
560 1549 743 1596 peregriua
766 1549 902 1593 omnia,
948 1561 1034 1583 neve
1066 1561 1127 1582 suo
1154 1554 1282 1582 tantum
1307 1548 1446 1583 modulo
1475 1549 1660 1583 metiantur
1683 1562 1797 1583 rerum
1820 1549 2037 1595 publicarum

189 1610 224 1638 et
249 1603 514 1639 domesticarum
538 1604 683 1639 sormam
707 1610 740 1639 et
762 1604 937 1648 habitum,
961 1603 1073 1651 qualis
1097 1609 1147 1638 est
1171 1603 1263 1649 apud
1284 1609 1437 1646 exteros,
1461 1603 1520 1638 sed
1539 1604 1634 1649 justa
1657 1605 1847 1651 ponderent
1870 1610 1904 1639 et
1927 1618 2037 1652 acqua

185 1659 298 1702 lance,
321 1659 496 1706 quidquid
520 1672 584 1693 usu
609 1672 649 1694 ac
677 1673 772 1694 more
797 1659 890 1713 apud
914 1659 999 1693 alios
1023 1665 1194 1704 receptum
1219 1664 1269 1692 est
1296 1665 1355 1692 aut
1377 1659 1453 1705 lege
1476 1659 1657 1694 sancitum.
1727 1660 1850 1706 Itaque
1882 1660 1911 1694 si
1942 1661 2038 1706 quod

187 1714 226 1747 in
246 1713 371 1747 Tacito
396 1714 508 1747 elucet
532 1715 728 1760 eminetque
751 1713 943 1747 altitudinis
967 1720 1000 1747 et
1024 1713 1227 1747 excelsitatis
1247 1713 1400 1759 signum,
1426 1726 1494 1759 quo
1519 1713 1658 1759 cognito
1682 1720 1716 1748 et
1738 1720 1923 1760 conspecto
1948 1714 2036 1760 opti·

186 1780 265 1802 mus
294 1768 443 1815 quisquc
474 1767 620 1803 mirifice
652 1769 840 1803 delectatur
869 1774 903 1803 et
919 1774 1101 1811 recreatur,
1124 1768 1206 1802 recti
1229 1767 1378 1802 studium
1402 1774 1451 1802 est
1475 1774 1508 1802 et
1531 1769 1680 1807 bonesti,
1703 1782 1780 1804 acre
1802 1769 1891 1803 illud
1913 1776 1947 1804 et
1968 1770 2036 1804 fer·

187 1824 320 1866 vidum,
342 1836 521 1869 nunquam
544 1824 723 1858 remittens
745 1836 810 1858 nec
833 1824 1107 1869 relanguescens,
1128 1836 1242 1869 neque
1266 1823 1397 1870 patriae
1419 1823 1545 1857 finibus
1568 1824 1756 1858 coercitum
1777 1830 1837 1858 aut
1859 1824 1902 1858 ad
1925 1837 2035 1870 popu-

186 1877 312 1911 larium
333 1890 443 1912 mores
467 1890 506 1911 ac
529 1890 649 1911 sensus
673 1878 855 1912 ambitiose
878 1891 953 1912 sese
977 1878 1168 1924 applicans,
1195 1879 1256 1913 sed
1279 1878 1399 1912 altiora
1423 1890 1559 1925 semper
1580 1884 1702 1925 petens
1721 1879 1881 1926 ultraque
1896 1890 2034 1925 progre-

189 1932 301 1976 diens,
325 1933 375 1967 sic
399 1939 436 1966 ut
460 1946 539 1967 cum
563 1939 596 1968 et
620 1933 730 1968 civem
755 1934 950 1968 Romanum
970 1933 1052 1979 jure
1075 1934 1205 1980 optimo
1230 1934 1344 1977 dicas,
1377 1934 1550 1981 siquidem
1583 1947 1602 1969 a
1626 1935 1756 1981 patriae
1778 1934 1918 1969 caritate
1942 1947 2033 1969 recc-

189 1987 270 2020 dere
293 2000 355 2021 nec
379 1989 499 2033 potuit,
522 2001 585 2021 ncc
608 1989 717 2022 voluit
742 2001 905 2034 unquam,
929 1995 962 2022 ct
985 1989 1196 2022 mundanum
1220 1990 1312 2023 liaud
1337 1989 1452 2034 inepte
1476 1989 1651 2035 appellare
1674 2001 1799 2034 queas,
1833 1994 1950 2034 utpote
1972 1989 2035 2035 qui

187 2052 260 2074 non
284 2053 366 2075 suae
388 2048 517 2080 tantum
540 2043 633 2088 genti
656 2043 869 2086 adhaeserit,
892 2044 952 2077 sed
976 2055 1065 2090 quae
1087 2044 1180 2090 apud
1203 2050 1337 2078 exteros
1361 2044 1450 2078 bene
1473 2049 1507 2078 et
1528 2042 1704 2090 praeclare
1726 2042 1782 2076 vel
1805 2048 1899 2089 gesta
1922 2050 2034 2087 essent

188 2095 244 2133 vel
267 2096 433 2139 instituta,
457 2097 601 2132 adsensu
626 2111 690 2133 suo
714 2098 985 2146 comprobaverit
1007 2105 1109 2144 atque
1130 2112 1171 2132 ex
1188 2099 1339 2143 veritate,
1348 2112 1419 2133 uon
1434 2111 1476 2133 ex
1491 2097 1589 2144 vulgi
1606 2097 1771 2143 opinione
1786 2099 2033 2134 aestumaverit.

216 2202 255 2236 8)
273 2201 338 2228 Huc
356 2202 498 2227 reserenda
511 2205 584 2233 sunt,
607 2212 674 2239 quac
687 2214 776 2240 nuper
789 2205 845 2240 legi
864 2206 893 2231 in
912 2205 985 2232 libro
1003 2205 1220 2241 elegantissimo:
1262 2207 1374 2243 Oefn'ed
1398 2205 1557 2232 Miller:
1590 2204 1757 2232 Geselniekte
1777 2204 1827 2231 der
1843 2205 2031 2242 griechischen

279 2249 422 2274 Lioerutur
433 2249 472 2273 bis
489 2248 610 2283 anselm
629 2250 760 2276 zeitalter
777 2252 966 2280 Alexandm.
1002 2253 1122 2279 Bmlau
1142 2253 1222 2281 1841.
1261 2254 1288 2280 l.
1306 2252 1389 2280 The-‘1
1398 2261 1430 2288 p·
1451 2250 1515 2279 353.
1550 2249 1598 2276 Ibi
1612 2250 1684 2277 cuim
1701 2251 1734 2277 dc
1751 2250 1839 2278 Taciti
1853 2254 1879 2278 et
1892 2251 2031 2280 scribendi

276 2298 303 2322 cl
316 2294 450 2321 narrandi
465 2304 564 2329 genere
578 2294 646 2321 baec
663 2297 834 2331 pronuntiata
850 2301 875 2323 et
890 2298 1010 2333 judicata
1024 2303 1102 2325 suut:
1145 2300 1220 2326 lVas
1236 2310 1291 2326 von
1309 2299 1421 2326 Tucim
1428 2296 1657 2333 Zeieqesehiehee‚
1674 2298 1729 2324 den
1745 2298 1895 2330 Historias,
1910 2299 2031 2326 erkalten

276 2343 322 2371 ist,
338 2340 407 2366 steht
421 2341 467 2366 hex·
475 2340 598 2376 bleieher
610 2342 851 2377 Ausfahrlu'ehket'l
863 2345 904 2376 (in
930 2345 1075 2382 Verqleicli
1090 2346 1141 2371 mit
1159 2344 1350 2380 Thucydides)
1372 2341 1443 2368 doeh
1458 2343 1488 2367 ιίι
1503 2341 1552 2368 der
1572 2343 1756 2369 Deutlt'clikci't
1768 2343 1825 2369 und
1836 2344 2033 2372 Bestius-»uthere

273 2388 326 2416 der
337 2387 495 2424 faktiselien
509 2387 675 2425 Erziklunq
688 2388 754 2414 weit
768 2388 878 2416 zur-fich.
918 2390 1027 2417 Tacitus
1042 2391 1090 2417 eil!
1103 2400 1160 2417 nur
1177 2391 1272 2416 immer-
1290 2399 1344 2416 mm
1361 2389 1448 2415 ciuem
1463 2389 1554 2415 Hm-
1569 2389 1628 2416 und
1644 2389 1948 2429 Gemitltaeryrci'semlm
1967 2392 2029 2419 Μο-

272 2440 348 2463 ment
359 2443 421 2461 zum
435 2434 551 2460 Auden·
570 2434 629 2460 aad
642 2434 864 2469 vmaelolaissigt
876 2435 1007 2467 dar-iiber,
1034 2438 1110 2464 mehr
1131 2439 1175 2465 als
1191 2438 1272 2476 taliq
1282 2456 1291 2468 ‚
1317 2445 1373 2464 von
1387 2436 1447 2464 dem
1461 2436 1721 2476 Zusannenluuqe
1735 2438 1783 2465 der
1795 2440 1924 2465 iussere·-
1937 2438 2026 2476 Bege-

273 2481 416 2511 henham
432 2480 636 2519 bestiedu'qendc
649 2480 855 2519 Reeliensclmst
870 2490 905 2509 zu
919 2483 1017 2520 ychen.
